4459 5925
556 488 1054 625 amatorum
1358 446 1512 618 1⁵2¹

435 704 731 815 SOLVTIO
778 722 1163 874 canardus

160 866 711 1067 QVORVNDAM
807 930 1443 1062 PROBLEMATVM
1543 924 1548 935 ’

158 1089 711 1222 orornan'ran'onvnr
760 1132 918 1252 ovas
948 1132 1156 1223 -vutco
1193 1132 1441 1229 unumst

250 1273 609 1375 soevrronss
656 1276 961 1371 sarmatas
1003 1277 1354 1411 aonrrrnar

641 1424 964 1547 urornrvn.

702 1681 881 1767 Austore

576 1905 628 2001 b
695 1906 1027 2008 EVLERO.

774 2192 817 2254 1.

147 2389 408 2631 'Analyfis
433 2356 740 2528 Diophantaet,
790 2440 885 2524 quae
916 2416 959 2498 in
989 2412 1292 2525 problematibus
1338 2414 1448 2502 inde&

302 2547 510 2631 terminatis
539 2568 611 2654 per
641 2566 821 2628 numeros
851 2541 1049 2630 rationales
1084 2544 1150 2630 vel
1181 2547 1297 2631 etlam
1350 2544 1446 2629 inte·

149 2694 246 2781 gros
297 2669 484 2755 soluendis
535 2666 732 2775 versatur,
795 2668 955 2778 duplicis
1000 2670 1145 2777 generis
1206 2670 1443 2781 problemata

152 2794 319 2881 trasiare
368 2798 497 2907 striet3
546 2818 713 2906 quorum
763 2793 965 2879 discrimen
1003 2796 1044 2878 io
1074 2797 1221 2879 ratione
1252 2794 1445 2882 solutionis

153 2926 336 3011 maxime
379 2926 434 3011 cll
464 2922 649 3037 pontum.
742 2908 835 3009 Alia
866 2922 973 3008 enim
1007 2922 1246 3034 problemata
1275 2926 1329 3009 ita
1361 2924 1442 3010 sunt

151 3073 410 3165 comparata,
471 3070 513 3136 rt
562 3050 766 3136 solutiones
809 3052 1001 3162 generales
1035 3051 1213 3138 exhiberi
1265 3067 1440 3167 queant,

153 3205 256 3278 onae
302 3204 441 3267 omnes
480 3177 596 3292 plane
629 3203 811 3262 numeros
840 3179 1099 3266 satisfacientes
1130 3184 1170 3265 in
1202 3181 1237 3264 b
1269 3181 1442 3292 comple-

153 3307 338 3394 ciunntr:
384 3311 458 3396 alia
487 3333 585 3392 tero
616 3307 766 3394 nonnisi
797 3308 999 3392 solutiones
1030 3308 1269 3419 particulares
1298 3303 1445 3392 admit·

151 3453 268 3542 arnt,
315 3439 379 3524 rel
426 3438 560 3524 saltem
612 3461 684 3546 per
735 3435 942 3522 methodos
972 3440 1142 3546 cognitas
1170 3437 1317 3523 nonnis
1350 3435 1443 3520 tales

153 3565 361 3652 solutiones
393 3590 524 3652 cruere
556 3563 678 3672 ltcet,
726 3563 777 3647 ita
810 3582 855 3649 vt
895 3581 1047 3676 praeter
1094 3587 1310 3671 numeros,
1372 3563 1440 3674 qui

154 3689 254 3780 sorte
283 3697 552 3810 reperiuntur,
600 3689 739 3775 infiniti
787 3691 850 3775 elii
902 3691 1135 3801 problemati
1183 3691 1440 3777 satisfacientes

153 3821 352 3930 existant,
402 3825 468 3936 qui
516 3823 558 3906 in
606 3817 794 3903 solutione
843 3820 999 3903 inuenta
1038 3843 1119 3904 non
1153 3821 1439 3905 contineantur.

152 3947 234 4034 Vbi
268 3952 424 4062 quidem
458 3952 500 4035 in
533 3969 677 4059 genere
705 3945 830 4032 notari
861 3945 1075 4052 conuenit,
1121 3947 1261 4060 prioris
1299 3947 1443 4034 ordinis

154 4077 398 4192 problemata
430 4075 555 4166 molto
571 4074 712 4159 facilius
741 4073 891 4180 resolui,
921 4099 1035 4185 quarn
1058 4097 1116 4183 ca,
1148 4099 1244 4185 quae
1270 4075 1321 4162 ad
1351 4075 1444 4164 alte·

153 4233 244 4294 rum
275 4210 452 4294 ordinem
484 4203 701 4294 reseruntur,
732 4203 876 4314 quippe
902 4227 997 4313 quae
1028 4201 1254 4315 plerumque
1284 4203 1447 4314 sangda-

158 4360 243 4420 rem
261 4334 499 4446 bgaeitatem
516 4356 604 4418 cum
620 4330 776 4416 eximiis
790 4328 958 4417 artificiis
972 4329 1219 4416 cotriundam
1239 4333 1446 4444 requirunt.

158 4463 353 4580 hqnibns
382 4467 555 4558 maxlrrra
585 4459 647 4548 ris
680 4457 794 4549 buius
817 4458 997 4566 Analyfis
1035 4460 1213 4552 cernitur.
1313 4457 1444 4669 Quas:

828 4583 933 4672 Vn
1241 4585 1243 4592 ’
1290 4644 1292 4648 -
