4459 5925
185 545 490 650 ansarum
510 552 1328 709 aerumnarumque.
1365 583 1424 671 ιο
1591 631 1595 638 -

144 787 222 874 iam
271 787 434 871 veritate
468 789 616 874 saciiIus
647 792 775 876 ineas
803 789 1013 876 methodos
1041 795 1228 906 inquirere
1260 791 1424 892 licebit,

146 940 232 1027 qaae
280 915 328 998 ad
378 940 467 1000 eam
518 920 665 1004 directe
712 920 786 1004 fiut
814 921 1100 1030 aerdudurae,
1149 921 1260 1004 nouis
1292 939 1423 1005 autem

146 1041 331 1129 methodis
377 1042 648 1156 inuestigandis
694 1048 886 1153 anaiyseoa
932 1047 1029 1134 fines
1067 1075 1150 1133 nun
1178 1033 1423 1154 mediocriter

144 1170 395 1284 promoueri,
424 1173 577 1258 nulium
600 1174 721 1292 xplane
746 1177 807 1259 est
829 1176 1009 1260 dubium.
1091 1167 1100 1180 ’

277 1298 508 1384 Huiusmodi
538 1328 669 1386 autern
702 1303 1012 1405 obseruationes,
1065 1328 1160 1414 quae
1186 1303 1291 1388 nulia
1315 1319 1424 1388 eerta

143 1426 334 1514 methodo
365 1426 445 1510 sunt
475 1430 627 1537 iactae,
680 1455 914 1541 quarumque
944 1435 1046 1516 ratio
1076 1455 1155 1516 uon
1190 1456 1324 1542 parum
1351 1431 1426 1514 ab·

139 1553 302 1640 inaudita
353 1556 536 1664 ridetur,
580 1559 773 1641 nonnum
815 1557 1053 1668 deprehendi
1101 1560 1148 1640 in
1192 1583 1318 1668 opere
1358 1555 1422 1640 111.

143 1679 313 1768 Comitis
337 1679 515 1794 Fugami
544 1707 668 1795 nuper
694 1687 738 1770 in
769 1684 899 1770 iucem
929 1685 1076 1796 edito;
1142 1707 1241 1794 quae
1273 1684 1423 1770 idcirce
1476 1785 1481 1796 .

136 1813 245 1896 omui
276 1814 485 1897 attentione
513 1813 647 1921 dignae
679 1815 760 1898 sunt
780 1812 1019 1916 censendae,
1080 1833 1203 1922 neque
1244 1813 1423 1919 studium,

133 1940 234 2049 quud
269 1939 311 2022 iu
339 1939 523 2052 ulteriori·
543 1964 675 2028 earum
706 1941 995 2050 inuestigatione
1020 1939 1288 2047 eonsumitur,
1338 1942 1426 2024 inu·

130 2066 250 2152 niiter
296 2066 528 2152 collocamur
575 2069 654 2154 erit
696 2067 957 2178 iudicmdum.
1049 2061 1423 2152 Commemorautut
1596 2161 1602 2169 ,

127 2217 269 2284 autem
296 2196 335 2279 in
363 2193 446 2280 hoc
475 2193 574 2280 libro
604 2195 794 2308 quaedam
826 2195 992 2282 eximiae
1023 2195 1310 2306 proprietates,
1340 2197 1426 2306 qur«

124 2324 194 2406 bus
229 2346 374 2410 curuae
408 2320 571 2438 Ellipsts,
602 2322 819 2436 Hyperide
851 2345 892 2408 et
922 2314 1165 2434 Lemuiscata
1197 2322 1279 2410 strat
1314 2345 1458 2450 praes
1586 2352 1588 2355 ·

122 2450 270 2555 ditae,
319 2449 531 2557 irarumque
579 2473 780 2532 carnarum
814 2475 918 2533 arcas
947 2450 1079 2532 diaerfi
1109 2452 1213 2531 inter
1243 2453 1278 2532 se
1309 2475 1426 2535 com·

61 2652 81 2689 ἢ
123 2594 335 2688 parantur:
367 2599 458 2656 cum
493 2574 607 2680 igitur
637 2576 738 2658 ratio
762 2573 910 2658 irarum
938 2576 1215 2684 proprietatum
1247 2577 1425 2660 maxime

119 2701 285 2790 occulta
313 2699 539 2819 uideatur,
566 2697 666 2782 haud
696 2697 861 2782 alienum
910 2697 994 2782 fore
1039 2699 1235 2808 arbitror,
1284 2701 1314 2822 ii
1362 2725 1426 2786 ear
1536 2753 1539 2759 ,

120 2808 351 2948 diligentius
382 2824 688 2947 examinarem,
729 2844 769 2910 et
798 2847 895 2938 quae
925 2823 1029 2912 mihi
1062 2826 1212 2936 iusuper
1243 2814 1342 2919 cina
1358 2827 1449 2925 luat,

120 2982 264 3049 curuata
296 2954 436 3077 elicere
462 2955 654 3069 contigit,
693 2980 785 3039 cum
820 2952 975 3065 publico
999 2957 1356 3062 communicaueru-

278 3065 446 3199 Quod
435 3082 550 3198 igitur
582 3085 763 3200 primum
786 3086 834 3169 ad
866 3082 935 3168 ha's
965 3107 1093 3169 cumas
1123 3085 1292 3189 attinet,
1344 3109 1422 3171 no
1467 3094 1471 3101 '

115 3201 209 3299 turn
261 3213 339 3317 est,
390 3236 519 3297 earum
570 3202 890 3299 aedificationem
929 3239 1069 3299 omnes
1103 3213 1289 3321 analyseos
1322 3218 1424 3301 vireu

109 3340 427 3448 transcendere,
472 3342 526 3425 ita
558 3362 605 3425 rt
635 3366 767 3426 earum
801 3364 907 3429 arcus
939 3368 1016 3425 non
1047 3338 1165 3425 mlum
1201 3364 1280 3423 uon
1314 3342 1422 3453 alge·
1447 3424 1449 3429 ,
1517 3416 1520 3421 .
1555 3412 1561 3423 ,

119 3474 289 3559 brai'ce
307 3468 508 3579 exprimi,
551 3468 618 3553 sed
665 3466 789 3553 etiam
838 3470 1042 3579 nequidem
1075 3466 1123 3551 ad
1155 3470 1422 3577 quadraturam

119 3599 284 3705 circuli,
317 3590 387 3683 uei
402 3588 653 3709 hyperbolae,
683 3595 811 3681 reduci
841 3617 994 3709 queant.
1059 3592 1189 3711 Quare
1215 3618 1269 3679 eo
1299 3598 1424 3708 magis

122 3730 274 3814 mirum
311 3718 437 3810 rideri
468 3722 578 3808 debet
589 3724 740 3837 ,squod
772 3723 833 3808 111.
864 3718 1014 3807 Comes
1046 3720 1223 3830 Fagnuui
1262 3724 1420 3835 inuenit,

119 3855 263 3967 Eliipfi
331 3874 373 3937 et
406 3853 634 3963 Hyperbon
679 3848 845 3936 ⁴infinitis
894 3853 1025 3937 modis
1067 3850 1262 3937 eiusmodi
1307 3848 1423 3938 binos

117 4008 231 4071 arcus·
286 3980 473 4069 exhiberi
527 3982 662 4093 porse,
708 4005 874 4093 quorum
921 3978 1133 4064 differentia
1182 3984 1422 4086 geometrice

119 4111 302 4226 affignari
332 4128 484 4225 queat;
517 4110 558 4193 in
590 4132 702 4196 curua
731 4107 952 4195 lemniicata
969 4100 1107 4193 'autem
1139 4103 1299 4191 infinitis
1332 4132 1420 4193 mo

119 4244 174 4327 dia
223 4239 428 4327 eiusmodi
472 4239 558 4345 dari
606 4252 715 4329 arada
760 4237 894 4345 omna,
946 4237 1014 4347 qui
1061 4235 1226 4319 intense
1258 4234 1323 4317 uei
1351 4236 1422 4323 rint

119 4368 370 4487 ιιῳικεὼ
364 4366 438 4456 ael
465 4346 577 4475 alter
589 4368 640 4476 ad
668 4366 832 4477 alterum
860 4366 1053 4489 monem
1087 4322 1266 4483 duplam
1276 4380 1447 4480 teueats·

871 4481 913 4583 H
948 4516 976 4577 2
1222 4522 1227 4534 ·
1317 4491 1421 4583 uude
