<?xml version="1.0" encoding="UTF-8"?>
<!DOCTYPE html PUBLIC "-//W3C//DTD XHTML 1.0 Transitional//EN"
    "http://www.w3.org/TR/xhtml1/DTD/xhtml1-transitional.dtd">
<html xmlns="http://www.w3.org/1999/xhtml" xml:lang="en" lang="en">
 <head>
  <title>
</title>
<meta http-equiv="Content-Type" content="text/html;charset=utf-8" />
  <meta name='ocr-system' content='tesseract 3.04.00' />
  <meta name='ocr-capabilities' content='ocr_page ocr_carea ocr_par ocr_line ocrx_word'/>
</head>
<body>
  <div class='ocr_page' id='page_1' title='image "./novicommentarii14sssrgoog_0598.png"; bbox 0 0 4459 5925; ppageno 0'>
   <div class='ocr_carea' id='block_1_1' title="bbox 820 520 1765 668">
    <p class='ocr_par' dir='ltr' id='par_1_1' title="bbox 820 520 1765 668">
     <span class='ocr_line' id='line_1_1' title="bbox 820 520 1765 668; baseline -0.012 -20"><span class='ocrx_word' id='word_1_1' title='bbox 820 570 919 668; x_wconf 70' lang='grc' dir='ltr'>,ιι</span> <span class='ocrx_word' id='word_1_2' title='bbox 1060 520 1063 525; x_wconf 81' lang='grc'><strong>’</strong></span> <span class='ocrx_word' id='word_1_3' title='bbox 1184 532 1765 639; x_wconf 65' lang='lat' dir='ltr'>santernam</span> 
     </span>
    </p>
   </div>
   <div class='ocr_carea' id='block_1_2' title="bbox 644 766 2188 3940">
    <p class='ocr_par' dir='ltr' id='par_1_2' title="bbox 644 766 2188 3940">
     <span class='ocr_line' id='line_1_2' title="bbox 818 766 2184 890; baseline 0 -27"><span class='ocrx_word' id='word_1_4' title='bbox 818 784 979 890; x_wconf 82' lang='lat' dir='ltr'>ideoque</span> <span class='ocrx_word' id='word_1_5' title='bbox 1026 773 1125 863; x_wconf 85' lang='lat' dir='ltr'>bora</span> <span class='ocrx_word' id='word_1_6' title='bbox 1172 775 1318 887; x_wconf 82' lang='lat' dir='ltr'>integra</span> <span class='ocrx_word' id='word_1_7' title='bbox 1350 775 1433 887; x_wconf 82' lang='lat' dir='ltr'>poss</span> <span class='ocrx_word' id='word_1_8' title='bbox 1463 766 1575 861; x_wconf 84' lang='lat' dir='ltr'>Solis·</span> <span class='ocrx_word' id='word_1_9' title='bbox 1593 786 1756 881; x_wconf 82' lang='lat' dir='ltr'>ortum,</span> <span class='ocrx_word' id='word_1_10' title='bbox 1807 772 2093 863; x_wconf 70' lang='lat' dir='ltr'>concessuros</span> <span class='ocrx_word' id='word_1_11' title='bbox 2183 869 2184 875; x_wconf 8' lang='grc' dir='ltr'><strong><em>Ν</em></strong></span> 
     </span>
     <span class='ocr_line' id='line_1_3' title="bbox 820 876 2184 1013; baseline -0.005 -16"><span class='ocrx_word' id='word_1_12' title='bbox 820 908 1066 997; x_wconf 81' lang='lat' dir='ltr'>Mercurium</span> <span class='ocrx_word' id='word_1_13' title='bbox 1116 924 1207 989; x_wconf 88' lang='lat' dir='ltr'>tunc</span> <span class='ocrx_word' id='word_1_14' title='bbox 1248 929 1316 1013; x_wconf 80' lang='lat' dir='ltr'>per</span> <span class='ocrx_word' id='word_1_15' title='bbox 1348 908 1528 987; x_wconf 83' lang='lat' dir='ltr'>trientem</span> <span class='ocrx_word' id='word_1_16' title='bbox 1558 902 1731 984; x_wconf 81' lang='lat' dir='ltr'>diametri</span> <span class='ocrx_word' id='word_1_17' title='bbox 1760 896 1905 987; x_wconf 87' lang='lat' dir='ltr'>Solis</span> <span class='ocrx_word' id='word_1_18' title='bbox 1894 927 1977 987; x_wconf 87' lang='lat' dir='ltr'>ram</span> <span class='ocrx_word' id='word_1_19' title='bbox 2007 909 2101 991; x_wconf 84' lang='lat' dir='ltr'>intra</span> <span class='ocrx_word' id='word_1_20' title='bbox 2183 876 2184 913; x_wconf 26' lang='grc' dir='ltr'><strong><em>Ν</em></strong></span> 
     </span>
     <span class='ocr_line' id='line_1_4' title="bbox 816 1028 2097 1144; baseline -0.005 -23"><span class='ocrx_word' id='word_1_21' title='bbox 816 1031 958 1122; x_wconf 82' lang='lat' dir='ltr'>discum</span> <span class='ocrx_word' id='word_1_22' title='bbox 991 1034 1068 1117; x_wconf 89' lang='lat' dir='ltr'>eius</span> <span class='ocrx_word' id='word_1_23' title='bbox 1099 1032 1331 1144; x_wconf 81' lang='lat' dir='ltr'>progressum</span> <span class='ocrx_word' id='word_1_24' title='bbox 1363 1031 1572 1115; x_wconf 87' lang='lat' dir='ltr'>diiudicaui.</span> <span class='ocrx_word' id='word_1_25' title='bbox 1639 1028 1785 1113; x_wconf 87' lang='lat' dir='ltr'>Abeo</span> <span class='ocrx_word' id='word_1_26' title='bbox 1815 1050 2001 1141; x_wconf 87' lang='lat' dir='ltr'>ternpore</span> <span class='ocrx_word' id='word_1_27' title='bbox 2030 1034 2097 1115; x_wconf 90' lang='lat' dir='ltr'>ob</span> 
     </span>
     <span class='ocr_line' id='line_1_5' title="bbox 815 1149 2105 1271; baseline -0.003 -22"><span class='ocrx_word' id='word_1_28' title='bbox 815 1158 1092 1249; x_wconf 88' lang='lat' dir='ltr'>seruationibus</span> <span class='ocrx_word' id='word_1_29' title='bbox 1134 1180 1220 1270; x_wconf 85' lang='lat' dir='ltr'>pro</span> <span class='ocrx_word' id='word_1_30' title='bbox 1242 1159 1530 1242; x_wconf 81' lang='lat' dir='ltr'>determinanda</span> <span class='ocrx_word' id='word_1_31' title='bbox 1561 1152 1627 1249; x_wconf 72' lang='lat' dir='ltr'>tait</span> <span class='ocrx_word' id='word_1_32' title='bbox 1658 1149 1713 1239; x_wconf 83' lang='lat' dir='ltr'>in</span> <span class='ocrx_word' id='word_1_33' title='bbox 1736 1156 1838 1242; x_wconf 76' lang='lat' dir='ltr'>disto</span> <span class='ocrx_word' id='word_1_34' title='bbox 1870 1154 1974 1243; x_wconf 84' lang='lat' dir='ltr'>Solis</span> <span class='ocrx_word' id='word_1_35' title='bbox 2008 1160 2105 1271; x_wconf 82' lang='lat' dir='ltr'>pus</span> 
     </span>
     <span class='ocr_line' id='line_1_6' title="bbox 644 1285 2096 1397; baseline -0.003 -21"><span class='ocrx_word' id='word_1_36' title='bbox 644 1350 648 1359; x_wconf 81' lang='lat'>·</span> <span class='ocrx_word' id='word_1_37' title='bbox 819 1292 944 1393; x_wconf 88' lang='lat' dir='ltr'>tione,</span> <span class='ocrx_word' id='word_1_38' title='bbox 979 1290 1075 1371; x_wconf 83' lang='lat' dir='ltr'>insta</span> <span class='ocrx_word' id='word_1_39' title='bbox 1105 1286 1372 1393; x_wconf 83' lang='lat' dir='ltr'>describendis,</span> <span class='ocrx_word' id='word_1_40' title='bbox 1405 1285 1590 1383; x_wconf 82' lang='lat' dir='ltr'>incubui,</span> <span class='ocrx_word' id='word_1_41' title='bbox 1617 1304 1808 1395; x_wconf 83' lang='lat' dir='ltr'>quantum</span> <span class='ocrx_word' id='word_1_42' title='bbox 1850 1288 2008 1397; x_wconf 85' lang='lat' dir='ltr'>quidem</span> <span class='ocrx_word' id='word_1_43' title='bbox 2037 1313 2096 1371; x_wconf 86' lang='lat' dir='ltr'>ro·</span> 
     </span>
     <span class='ocr_line' id='line_1_7' title="bbox 820 1412 2106 1530; baseline -0.002 -30"><span class='ocrx_word' id='word_1_44' title='bbox 820 1414 946 1530; x_wconf 76' lang='lat' dir='ltr'>piobe</span> <span class='ocrx_word' id='word_1_45' title='bbox 979 1415 1108 1522; x_wconf 88' lang='lat' dir='ltr'>nubes</span> <span class='ocrx_word' id='word_1_46' title='bbox 1144 1434 1263 1499; x_wconf 82' lang='lat' dir='ltr'>teuto</span> <span class='ocrx_word' id='word_1_47' title='bbox 1294 1412 1383 1497; x_wconf 88' lang='lat' dir='ltr'>furti</span> <span class='ocrx_word' id='word_1_48' title='bbox 1414 1412 1553 1499; x_wconf 89' lang='lat' dir='ltr'>boreali</span> <span class='ocrx_word' id='word_1_49' title='bbox 1584 1414 1771 1521; x_wconf 78' lang='lat' dir='ltr'>agitatae,</span> <span class='ocrx_word' id='word_1_50' title='bbox 1800 1414 2106 1525; x_wconf 70' lang='lat' dir='ltr'>permittebant„</span> 
     </span>
     <span class='ocr_line' id='line_1_8' title="bbox 821 1538 2096 1656; baseline -0.003 -26"><span class='ocrx_word' id='word_1_51' title='bbox 821 1546 991 1656; x_wconf 84' lang='lat' dir='ltr'>inceptas</span> <span class='ocrx_word' id='word_1_52' title='bbox 1022 1544 1267 1654; x_wconf 72' lang='lat' dir='ltr'>operationes</span> <span class='ocrx_word' id='word_1_53' title='bbox 1299 1541 1463 1625; x_wconf 85' lang='lat' dir='ltr'>subinde</span> <span class='ocrx_word' id='word_1_54' title='bbox 1479 1558 1518 1621; x_wconf 92' lang='lat' dir='ltr'>et</span> <span class='ocrx_word' id='word_1_55' title='bbox 1565 1538 1783 1649; x_wconf 86' lang='lat' dir='ltr'>praesertim</span> <span class='ocrx_word' id='word_1_56' title='bbox 1833 1543 1955 1626; x_wconf 75' lang='lat' dir='ltr'>uerstn</span> <span class='ocrx_word' id='word_1_57' title='bbox 2003 1560 2096 1627; x_wconf 88' lang='lat' dir='ltr'>tern-</span> 
     </span>
     <span class='ocr_line' id='line_1_9' title="bbox 821 1662 2094 1788; baseline -0.002 -32"><span class='ocrx_word' id='word_1_58' title='bbox 821 1698 897 1784; x_wconf 85' lang='lat' dir='ltr'>pus</span> <span class='ocrx_word' id='word_1_59' title='bbox 924 1674 1106 1787; x_wconf 71' lang='lat' dir='ltr'>egressus</span> <span class='ocrx_word' id='word_1_60' title='bbox 1116 1668 1180 1763; x_wconf 71' lang='lat' dir='ltr'>dri</span> <span class='ocrx_word' id='word_1_61' title='bbox 1212 1695 1235 1752; x_wconf 89' lang='lat' dir='ltr'>e</span> <span class='ocrx_word' id='word_1_62' title='bbox 1273 1664 1366 1753; x_wconf 85' lang='lat' dir='ltr'>Sole</span> <span class='ocrx_word' id='word_1_63' title='bbox 1414 1670 1760 1788; x_wconf 82' lang='lat' dir='ltr'>interrumpentes..</span> <span class='ocrx_word' id='word_1_64' title='bbox 1838 1666 1936 1753; x_wconf 78' lang='lat' dir='ltr'>lade</span> <span class='ocrx_word' id='word_1_65' title='bbox 1983 1662 2094 1753; x_wconf 86' lang='lat' dir='ltr'>etiam</span> 
     </span>
     <span class='ocr_line' id='line_1_10' title="bbox 823 1786 2106 1904; baseline -0.002 -22"><span class='ocrx_word' id='word_1_66' title='bbox 823 1798 966 1882; x_wconf 78' lang='lat' dir='ltr'>anum</span> <span class='ocrx_word' id='word_1_67' title='bbox 999 1798 1096 1904; x_wconf 84' lang='lat' dir='ltr'>est,</span> <span class='ocrx_word' id='word_1_68' title='bbox 1116 1817 1162 1881; x_wconf 79' lang='lat' dir='ltr'>ut</span> <span class='ocrx_word' id='word_1_69' title='bbox 1194 1814 1440 1899; x_wconf 86' lang='lat' dir='ltr'>momentum</span> <span class='ocrx_word' id='word_1_70' title='bbox 1474 1786 1587 1877; x_wconf 74' lang='lat' dir='ltr'>ualde</span> <span class='ocrx_word' id='word_1_71' title='bbox 1617 1793 1894 1901; x_wconf 76' lang='lat' dir='ltr'>desideratum,</span> <span class='ocrx_word' id='word_1_72' title='bbox 1947 1794 2106 1903; x_wconf 77' lang='lat' dir='ltr'>egresus</span> 
     </span>
     <span class='ocr_line' id='line_1_11' title="bbox 825 1916 2106 2039; baseline -0.003 -30"><span class='ocrx_word' id='word_1_73' title='bbox 825 1950 971 2036; x_wconf 70' lang='lat' dir='ltr'>nempe</span> <span class='ocrx_word' id='word_1_74' title='bbox 1002 1920 1080 2016; x_wconf 68' lang='lat' dir='ltr'>tri</span> <span class='ocrx_word' id='word_1_75' title='bbox 1097 1947 1122 2005; x_wconf 92' lang='lat' dir='ltr'>e</span> <span class='ocrx_word' id='word_1_76' title='bbox 1153 1920 1279 2026; x_wconf 78' lang='lat' dir='ltr'>Sole,</span> <span class='ocrx_word' id='word_1_77' title='bbox 1321 1918 1516 2003; x_wconf 83' lang='lat' dir='ltr'>obseruari</span> <span class='ocrx_word' id='word_1_78' title='bbox 1535 1942 1615 2001; x_wconf 91' lang='lat' dir='ltr'>non</span> <span class='ocrx_word' id='word_1_79' title='bbox 1647 1922 1826 2039; x_wconf 86' lang='lat' dir='ltr'>potuerit</span> <span class='ocrx_word' id='word_1_80' title='bbox 1912 1916 2106 2007; x_wconf 67' lang='lat' dir='ltr'>Cirtense-</span> 
     </span>
     <span class='ocr_line' id='line_1_12' title="bbox 826 2022 2099 2157; baseline -0.003 -20"><span class='ocrx_word' id='word_1_81' title='bbox 826 2054 989 2138; x_wconf 87' lang='lat' dir='ltr'>misiem</span> <span class='ocrx_word' id='word_1_82' title='bbox 1008 2052 1114 2133; x_wconf 87' lang='lat' dir='ltr'>enirn</span> <span class='ocrx_word' id='word_1_83' title='bbox 1147 2050 1266 2133; x_wconf 85' lang='grc' dir='ltr'>Ιιοιιι</span> <span class='ocrx_word' id='word_1_84' title='bbox 1296 2044 1532 2131; x_wconf 74' lang='lat' dir='ltr'>undecimae</span> <span class='ocrx_word' id='word_1_85' title='bbox 1553 2042 1623 2129; x_wconf 84' lang='lat' dir='ltr'>Sol</span> <span class='ocrx_word' id='word_1_86' title='bbox 1654 2022 1810 2131; x_wconf 82' lang='lat' dir='ltr'>nubibus</span> <span class='ocrx_word' id='word_1_87' title='bbox 1845 2048 2011 2157; x_wconf 75' lang='lat' dir='ltr'>spissis</span> <span class='ocrx_word' id='word_1_88' title='bbox 2001 2074 2099 2133; x_wconf 72' lang='lat' dir='ltr'>rouo»</span> 
     </span>
     <span class='ocr_line' id='line_1_13' title="bbox 826 2163 2098 2287; baseline -0.005 -24"><span class='ocrx_word' id='word_1_89' title='bbox 826 2180 962 2284; x_wconf 83' lang='lat' dir='ltr'>lutus,</span> <span class='ocrx_word' id='word_1_90' title='bbox 1013 2200 1106 2257; x_wconf 93' lang='lat' dir='ltr'>non</span> <span class='ocrx_word' id='word_1_91' title='bbox 1140 2177 1215 2261; x_wconf 88' lang='lat' dir='ltr'>nist</span> <span class='ocrx_word' id='word_1_92' title='bbox 1254 2173 1341 2257; x_wconf 80' lang='lat' dir='ltr'>hon</span> <span class='ocrx_word' id='word_1_93' title='bbox 1398 2198 1466 2253; x_wconf 88' lang='grc' dir='ltr'>ιι</span> <span class='ocrx_word' id='word_1_94' title='bbox 1459 2163 1583 2254; x_wconf 73' lang='lat' dir='ltr'>ttt‘.¹</span> <span class='ocrx_word' id='word_1_95' title='bbox 1615 2174 1657 2270; x_wconf 82' lang='lat' dir='ltr'>in</span> <span class='ocrx_word' id='word_1_96' title='bbox 1685 2174 1927 2284; x_wconf 73' lang='lat' dir='ltr'>eonspedrtm</span> <span class='ocrx_word' id='word_1_97' title='bbox 1965 2177 2098 2287; x_wconf 84' lang='lat' dir='ltr'>rediit.;</span> 
     </span>
     <span class='ocr_line' id='line_1_14' title="bbox 826 2298 2097 2445; baseline 0.002 -58"><span class='ocrx_word' id='word_1_98' title='bbox 826 2328 907 2413; x_wconf 88' lang='lat' dir='ltr'>quo</span> <span class='ocrx_word' id='word_1_99' title='bbox 972 2320 1110 2425; x_wconf 78' lang='lat' dir='ltr'>autern</span> <span class='ocrx_word' id='word_1_100' title='bbox 1166 2316 1354 2445; x_wconf 64' lang='lat' dir='ltr'>tenpore</span> <span class='ocrx_word' id='word_1_101' title='bbox 1411 2300 1634 2402; x_wconf 79' lang='lat' dir='ltr'>Mercurius</span> <span class='ocrx_word' id='word_1_102' title='bbox 1684 2298 1843 2387; x_wconf 85' lang='lat' dir='ltr'>discum</span> <span class='ocrx_word' id='word_1_103' title='bbox 1877 2300 1981 2392; x_wconf 85' lang='lat' dir='ltr'>Solis</span> <span class='ocrx_word' id='word_1_104' title='bbox 2028 2305 2097 2389; x_wconf 84' lang='lat' dir='ltr'>iam</span> 
     </span>
     <span class='ocr_line' id='line_1_15' title="bbox 825 2419 1065 2517; baseline -0.009 -1"><span class='ocrx_word' id='word_1_105' title='bbox 825 2419 1065 2517; x_wconf 75' lang='lat' dir='ltr'>desciuerat</span> 
     </span>
     <span class='ocr_line' id='line_1_16' title="bbox 979 2496 2097 2671; baseline 0.004 -30"><span class='ocrx_word' id='word_1_106' title='bbox 979 2552 1203 2649; x_wconf 72' lang='lat' dir='ltr'>menstra</span> <span class='ocrx_word' id='word_1_107' title='bbox 1234 2557 1346 2643; x_wconf 81' lang='lat' dir='ltr'>instar</span> <span class='ocrx_word' id='word_1_108' title='bbox 1378 2558 1554 2645; x_wconf 80' lang='lat' dir='ltr'>maculae</span> <span class='ocrx_word' id='word_1_109' title='bbox 1599 2496 1834 2669; x_wconf 80' lang='lat' dir='ltr'>nigerrimae</span> <span class='ocrx_word' id='word_1_110' title='bbox 1874 2584 1959 2671; x_wconf 77' lang='lat' dir='ltr'>pen</span> <span class='ocrx_word' id='word_1_111' title='bbox 2001 2561 2097 2645; x_wconf 85' lang='lat' dir='ltr'>tubat</span> 
     </span>
     <span class='ocr_line' id='line_1_17' title="bbox 829 2684 2111 2797; baseline 0 -26"><span class='ocrx_word' id='word_1_112' title='bbox 829 2684 1115 2771; x_wconf 82' lang='lat' dir='ltr'>astronomicos</span> <span class='ocrx_word' id='word_1_113' title='bbox 1140 2692 1242 2791; x_wconf 82' lang='lat'>6,9,</span> <span class='ocrx_word' id='word_1_114' title='bbox 1266 2710 1328 2765; x_wconf 87' lang='grc' dir='ltr'>ιι</span> <span class='ocrx_word' id='word_1_115' title='bbox 1354 2690 1516 2797; x_wconf 83' lang='lat' dir='ltr'>pedona,</span> <span class='ocrx_word' id='word_1_116' title='bbox 1550 2706 1600 2771; x_wconf 91' lang='grc' dir='ltr'>ιι</span> <span class='ocrx_word' id='word_1_117' title='bbox 1595 2688 1677 2772; x_wconf 78' lang='lat' dir='ltr'>ab</span> <span class='ocrx_word' id='word_1_118' title='bbox 1681 2688 1780 2792; x_wconf 85' lang='lat' dir='ltr'>aliis,</span> <span class='ocrx_word' id='word_1_119' title='bbox 1813 2701 1902 2771; x_wconf 86' lang='lat' dir='ltr'>eta</span> <span class='ocrx_word' id='word_1_120' title='bbox 1916 2690 2111 2789; x_wconf 63' lang='lat' dir='ltr'>merisne</span> 
     </span>
     <span class='ocr_line' id='line_1_18' title="bbox 829 2814 2115 2929; baseline -0.002 -30"><span class='ocrx_word' id='word_1_121' title='bbox 829 2816 884 2899; x_wconf 89' lang='lat' dir='ltr'>est</span> <span class='ocrx_word' id='word_1_122' title='bbox 916 2814 1156 2926; x_wconf 80' lang='lat' dir='ltr'>circulariter</span> <span class='ocrx_word' id='word_1_123' title='bbox 1194 2814 1393 2899; x_wconf 87' lang='lat' dir='ltr'>ronrndus</span> <span class='ocrx_word' id='word_1_124' title='bbox 1428 2814 1597 2925; x_wconf 87' lang='lat' dir='ltr'>beneque</span> <span class='ocrx_word' id='word_1_125' title='bbox 1644 2815 1896 2929; x_wconf 75' lang='lat' dir='ltr'>terminante·</span> <span class='ocrx_word' id='word_1_126' title='bbox 1887 2838 2115 2927; x_wconf 83' lang='lat' dir='ltr'>,vaporet-</span> 
     </span>
     <span class='ocr_line' id='line_1_19' title="bbox 829 2941 2188 3055; baseline -0.012 -23"><span class='ocrx_word' id='word_1_127' title='bbox 829 2963 983 3044; x_wconf 78' lang='lat' dir='ltr'>nmen,</span> <span class='ocrx_word' id='word_1_128' title='bbox 1014 2958 1078 3024; x_wconf 89' lang='lat' dir='ltr'>aut</span> <span class='ocrx_word' id='word_1_129' title='bbox 1109 2942 1240 3024; x_wconf 90' lang='lat' dir='ltr'>nubes</span> <span class='ocrx_word' id='word_1_130' title='bbox 1260 2958 1430 3048; x_wconf 87' lang='lat' dir='ltr'>tenues,</span> <span class='ocrx_word' id='word_1_131' title='bbox 1468 2942 1544 3026; x_wconf 86' lang='grc' dir='ltr'>ιιι</span> <span class='ocrx_word' id='word_1_132' title='bbox 1565 2942 1725 3055; x_wconf 82' lang='lat' dir='ltr'>agitatio</span> <span class='ocrx_word' id='word_1_133' title='bbox 1757 2941 1848 3025; x_wconf 83' lang='lat' dir='ltr'>urbi</span> <span class='ocrx_word' id='word_1_134' title='bbox 1889 2969 1917 3027; x_wconf 86' lang='grc' dir='ltr'>ιι</span> <span class='ocrx_word' id='word_1_135' title='bbox 1963 2960 2098 3046; x_wconf 80' lang='lat' dir='ltr'>uento,</span> <span class='ocrx_word' id='word_1_136' title='bbox 2187 2966 2188 3016; x_wconf 83' lang='grc' dir='ltr'>ι</span> 
     </span>
     <span class='ocr_line' id='line_1_20' title="bbox 820 3065 2101 3184; baseline 0 -32"><span class='ocrx_word' id='word_1_137' title='bbox 820 3067 1050 3184; x_wconf 73' lang='lat' dir='ltr'>adspedium</span> <span class='ocrx_word' id='word_1_138' title='bbox 1084 3067 1200 3152; x_wconf 85' lang='lat' dir='ltr'>bunc</span> <span class='ocrx_word' id='word_1_139' title='bbox 1217 3067 1376 3183; x_wconf 86' lang='lat' dir='ltr'>subinde</span> <span class='ocrx_word' id='word_1_140' title='bbox 1396 3068 1621 3154; x_wconf 68' lang='lat' dir='ltr'>turbarunt.r</span> <span class='ocrx_word' id='word_1_141' title='bbox 1685 3069 1956 3178; x_wconf 82' lang='lat' dir='ltr'>Telescopium</span> <span class='ocrx_word' id='word_1_142' title='bbox 2005 3065 2101 3155; x_wconf 86' lang='lat' dir='ltr'>Gte</span> 
     </span>
     <span class='ocr_line' id='line_1_21' title="bbox 736 3179 2101 3306; baseline 0.002 -31"><span class='ocrx_word' id='word_1_143' title='bbox 736 3297 741 3306; x_wconf 18' lang='lat' dir='ltr'><em>q</em></span> <span class='ocrx_word' id='word_1_144' title='bbox 829 3201 1029 3304; x_wconf 81' lang='lat' dir='ltr'>gatianum</span> <span class='ocrx_word' id='word_1_145' title='bbox 1077 3179 1153 3278; x_wconf 91' lang='lat' dir='ltr'>sub.</span> <span class='ocrx_word' id='word_1_146' title='bbox 1181 3215 1406 3306; x_wconf 73' lang='lat' dir='ltr'>apparatu</span> <span class='ocrx_word' id='word_1_147' title='bbox 1437 3221 1515 3306; x_wconf 84' lang='lat' dir='ltr'>quo</span> <span class='ocrx_word' id='word_1_148' title='bbox 1546 3191 1931 3282; x_wconf 68' lang='lat' dir='ltr'>obtenebrandum</span> <span class='ocrx_word' id='word_1_149' title='bbox 1961 3196 2101 3282; x_wconf 85' lang='lat' dir='ltr'>diame</span> 
     </span>
     <span class='ocr_line' id='line_1_22' title="bbox 829 3321 2103 3438; baseline 0.002 -32"><span class='ocrx_word' id='word_1_150' title='bbox 829 3342 934 3406; x_wconf 86' lang='lat' dir='ltr'>trum</span> <span class='ocrx_word' id='word_1_151' title='bbox 988 3344 1043 3422; x_wconf 81' lang='lat'>52</span> <span class='ocrx_word' id='word_1_152' title='bbox 1080 3323 1222 3405; x_wconf 81' lang='lat' dir='ltr'>tinibus</span> <span class='ocrx_word' id='word_1_153' title='bbox 1248 3341 1403 3434; x_wconf 46' lang='lat' dir='ltr'>angera</span> <span class='ocrx_word' id='word_1_154' title='bbox 1437 3321 1596 3408; x_wconf 88' lang='lat' dir='ltr'>discum</span> <span class='ocrx_word' id='word_1_155' title='bbox 1610 3323 1690 3416; x_wconf 70' lang='lat' dir='ltr'>bsai</span> <span class='ocrx_word' id='word_1_156' title='bbox 1692 3321 1929 3438; x_wconf 82' lang='lat' dir='ltr'>plerumque</span> <span class='ocrx_word' id='word_1_157' title='bbox 1963 3343 2103 3408; x_wconf 85' lang='lat' dir='ltr'>tremu-</span> 
     </span>
     <span class='ocr_line' id='line_1_23' title="bbox 830 3447 2101 3562; baseline 0.001 -30"><span class='ocrx_word' id='word_1_158' title='bbox 830 3447 909 3533; x_wconf 87' lang='lat' dir='ltr'>lum</span> <span class='ocrx_word' id='word_1_159' title='bbox 928 3475 1039 3556; x_wconf 83' lang='lat' dir='ltr'>‚nec</span> <span class='ocrx_word' id='word_1_160' title='bbox 1069 3449 1171 3534; x_wconf 88' lang='lat' dir='ltr'>saris-</span> <span class='ocrx_word' id='word_1_161' title='bbox 1186 3452 1448 3558; x_wconf 83' lang='lat' dir='ltr'>terminatum,</span> <span class='ocrx_word' id='word_1_162' title='bbox 1480 3451 1793 3562; x_wconf 81' lang='lat' dir='ltr'>repraesentabat,</span> <span class='ocrx_word' id='word_1_163' title='bbox 1810 3452 2007 3562; x_wconf 79' lang='lat' dir='ltr'>exceptis</span> <span class='ocrx_word' id='word_1_164' title='bbox 2028 3451 2101 3560; x_wconf 88' lang='lat' dir='ltr'>qui·</span> 
     </span>
     <span class='ocr_line' id='line_1_24' title="bbox 829 3575 2108 3688; baseline -0.002 -26"><span class='ocrx_word' id='word_1_165' title='bbox 829 3575 987 3662; x_wconf 88' lang='lat' dir='ltr'>busdam</span> <span class='ocrx_word' id='word_1_166' title='bbox 1020 3579 1262 3682; x_wconf 88' lang='lat' dir='ltr'>momentis,</span> <span class='ocrx_word' id='word_1_167' title='bbox 1309 3578 1439 3688; x_wconf 83' lang='lat' dir='ltr'>quibus</span> <span class='ocrx_word' id='word_1_168' title='bbox 1459 3576 1544 3678; x_wconf 81' lang='lat' dir='ltr'>isse.</span> <span class='ocrx_word' id='word_1_169' title='bbox 1565 3577 1942 3663; x_wconf 85' lang='lat' dir='ltr'>etiamcirculariter</span> <span class='ocrx_word' id='word_1_170' title='bbox 1975 3599 2108 3662; x_wconf 84' lang='lat' dir='ltr'>rotun·</span> 
     </span>
     <span class='ocr_line' id='line_1_25' title="bbox 831 3701 2102 3816; baseline 0.004 -31"><span class='ocrx_word' id='word_1_171' title='bbox 831 3701 928 3808; x_wconf 85' lang='lat' dir='ltr'>dns,</span> <span class='ocrx_word' id='word_1_172' title='bbox 972 3704 1211 3812; x_wconf 84' lang='lat' dir='ltr'>nigerrimus.</span> <span class='ocrx_word' id='word_1_173' title='bbox 1243 3721 1297 3788; x_wconf 86' lang='lat' dir='ltr'>et</span> <span class='ocrx_word' id='word_1_174' title='bbox 1333 3707 1431 3791; x_wconf 87' lang='lat' dir='ltr'>bene</span> <span class='ocrx_word' id='word_1_175' title='bbox 1481 3708 1713 3790; x_wconf 85' lang='lat' dir='ltr'>terminatus.</span> <span class='ocrx_word' id='word_1_176' title='bbox 1741 3709 1935 3816; x_wconf 64' lang='lat' dir='ltr'>apuamit.</span> <span class='ocrx_word' id='word_1_177' title='bbox 2028 3703 2102 3790; x_wconf 89' lang='lat' dir='ltr'>Sed</span> 
     </span>
     <span class='ocr_line' id='line_1_26' title="bbox 832 3827 2117 3940; baseline 0.004 -26"><span class='ocrx_word' id='word_1_178' title='bbox 832 3828 941 3914; x_wconf 86' lang='lat' dir='ltr'>huius</span> <span class='ocrx_word' id='word_1_179' title='bbox 970 3831 1075 3914; x_wconf 86' lang='lat' dir='ltr'>Tubi</span> <span class='ocrx_word' id='word_1_180' title='bbox 1105 3857 1151 3915; x_wconf 84' lang='lat' dir='ltr'>na</span> <span class='ocrx_word' id='word_1_181' title='bbox 1182 3832 1413 3916; x_wconf 79' lang='lat' dir='ltr'>ellindules</span> <span class='ocrx_word' id='word_1_182' title='bbox 1442 3835 1498 3915; x_wconf 80' lang='lat' dir='ltr'>ira:</span> <span class='ocrx_word' id='word_1_183' title='bbox 1528 3833 1915 3940; x_wconf 77' lang='lat' dir='ltr'>contemplationibus</span> <span class='ocrx_word' id='word_1_184' title='bbox 1967 3827 2117 3918; x_wconf 81' lang='lat' dir='ltr'>Sustri--</span> 
     </span>
    </p>
   </div>
   <div class='ocr_carea' id='block_1_3' title="bbox 824 3956 2115 4682">
    <p class='ocr_par' dir='ltr' id='par_1_3' title="bbox 828 3956 2108 4562">
     <span class='ocr_line' id='line_1_27' title="bbox 830 3956 2107 4071; baseline 0.004 -31"><span class='ocrx_word' id='word_1_185' title='bbox 830 3956 924 4060; x_wconf 73' lang='lat' dir='ltr'>bus,</span> <span class='ocrx_word' id='word_1_186' title='bbox 957 3976 1028 4060; x_wconf 80' lang='lat' dir='ltr'>tt,.</span> <span class='ocrx_word' id='word_1_187' title='bbox 1050 3961 1162 4040; x_wconf 89' lang='lat' dir='ltr'>coelo</span> <span class='ocrx_word' id='word_1_188' title='bbox 1191 3961 1306 4042; x_wconf 85' lang='lat' dir='ltr'>etiam</span> <span class='ocrx_word' id='word_1_189' title='bbox 1337 3960 1448 4065; x_wconf 61' lang='lat' dir='ltr'>sudo,</span> <span class='ocrx_word' id='word_1_190' title='bbox 1466 3961 1642 4044; x_wconf 86' lang='lat' dir='ltr'>maculae</span> <span class='ocrx_word' id='word_1_191' title='bbox 1660 3959 1801 4044; x_wconf 74' lang='lat' dir='ltr'>blatea</span> <span class='ocrx_word' id='word_1_192' title='bbox 1832 3959 2107 4071; x_wconf 80' lang='lat' dir='ltr'>aaruperal&#39;r·</span> 
     </span>
     <span class='ocr_line' id='line_1_28' title="bbox 830 4085 2105 4197; baseline 0.005 -33"><span class='ocrx_word' id='word_1_193' title='bbox 830 4103 928 4192; x_wconf 89' lang='lat' dir='ltr'>quot</span> <span class='ocrx_word' id='word_1_194' title='bbox 957 4103 1156 4168; x_wconf 87' lang='lat' dir='ltr'>momenta</span> <span class='ocrx_word' id='word_1_195' title='bbox 1187 4085 1383 4170; x_wconf 74' lang='lat' dir='ltr'>distindtae</span> <span class='ocrx_word' id='word_1_196' title='bbox 1414 4087 1643 4195; x_wconf 62' lang='lat' dir='ltr'>uideantur,</span> <span class='ocrx_word' id='word_1_197' title='bbox 1684 4086 1754 4170; x_wconf 88' lang='lat' dir='ltr'>sed.</span> <span class='ocrx_word' id='word_1_198' title='bbox 1778 4085 2003 4197; x_wconf 88' lang='lat' dir='ltr'>plerumque</span> <span class='ocrx_word' id='word_1_199' title='bbox 2033 4106 2105 4170; x_wconf 63' lang='lat' dir='ltr'>tte&gt;</span> 
     </span>
     <span class='ocr_line' id='line_1_29' title="bbox 830 4209 2115 4358; baseline 0.005 -66"><span class='ocrx_word' id='word_1_200' title='bbox 830 4211 988 4318; x_wconf 86' lang='lat' dir='ltr'>mulae,</span> <span class='ocrx_word' id='word_1_201' title='bbox 1035 4209 1217 4358; x_wconf 78' lang='lat' dir='ltr'>siquidem</span> <span class='ocrx_word' id='word_1_202' title='bbox 1267 4213 1409 4296; x_wconf 88' lang='lat' dir='ltr'>calor</span> <span class='ocrx_word' id='word_1_203' title='bbox 1400 4239 1565 4327; x_wconf 74' lang='lat' dir='ltr'>rogans,</span> <span class='ocrx_word' id='word_1_204' title='bbox 1591 4215 1649 4296; x_wconf 91' lang='lat' dir='ltr'>in</span> <span class='ocrx_word' id='word_1_205' title='bbox 1663 4215 1755 4298; x_wconf 83' lang='lat' dir='ltr'>soto</span> <span class='ocrx_word' id='word_1_206' title='bbox 1786 4214 1923 4322; x_wconf 77' lang='lat' dir='ltr'>speculi</span> <span class='ocrx_word' id='word_1_207' title='bbox 1956 4215 2115 4298; x_wconf 84' lang='lat' dir='ltr'>maioris</span> 
     </span>
     <span class='ocr_line' id='line_1_30' title="bbox 828 4337 2105 4459; baseline 0.005 -39"><span class='ocrx_word' id='word_1_208' title='bbox 828 4338 1027 4442; x_wconf 83' lang='lat' dir='ltr'>excitatus,</span> <span class='ocrx_word' id='word_1_209' title='bbox 1061 4341 1203 4424; x_wconf 82' lang='lat' dir='ltr'>a‘e‘retn</span> <span class='ocrx_word' id='word_1_210' title='bbox 1223 4339 1277 4459; x_wconf 85' lang='lat' dir='ltr'>ibi</span> <span class='ocrx_word' id='word_1_211' title='bbox 1302 4340 1417 4450; x_wconf 73' lang='lat' dir='ltr'>masa</span> <span class='ocrx_word' id='word_1_212' title='bbox 1436 4343 1700 4427; x_wconf 87' lang='lat' dir='ltr'>ebullientem</span> <span class='ocrx_word' id='word_1_213' title='bbox 1721 4358 1761 4426; x_wconf 92' lang='lat' dir='ltr'>et</span> <span class='ocrx_word' id='word_1_214' title='bbox 1777 4337 1904 4424; x_wconf 83' lang='lat' dir='ltr'>Solis</span> <span class='ocrx_word' id='word_1_215' title='bbox 1895 4341 2105 4450; x_wconf 79' lang='lat' dir='ltr'>rmagiuenr</span> 
     </span>
     <span class='ocr_line' id='line_1_31' title="bbox 824 4450 2105 4602; baseline 0.004 -53.027"><span class='ocrx_word' id='word_1_216' title='bbox 824 4465 1038 4602; x_wconf 84' lang='lat' dir='ltr'>tremulam</span> <span class='ocrx_word' id='word_1_217' title='bbox 1061 4465 1205 4594; x_wconf 79' lang='lat' dir='ltr'>efficit</span> <span class='ocrx_word' id='word_1_218' title='bbox 1255 4450 1487 4586; x_wconf 76' lang='lat' dir='ltr'>Annulnrn</span> <span class='ocrx_word' id='word_1_219' title='bbox 1518 4468 1680 4558; x_wconf 86' lang='lat' dir='ltr'>lucidum</span> <span class='ocrx_word' id='word_1_220' title='bbox 1714 4468 1813 4556; x_wconf 86' lang='lat' dir='ltr'>circa</span> <span class='ocrx_word' id='word_1_221' title='bbox 1844 4465 1910 4562; x_wconf 66' lang='lat' dir='ltr'>dit</span> <span class='ocrx_word' id='word_1_222' title='bbox 1941 4469 2105 4554; x_wconf 89' lang='lat' dir='ltr'>limbum</span> 
     </span>
    </p>

    <p class='ocr_par' dir='ltr' id='par_1_4' title="bbox 2021 4596 2113 4682">
     <span class='ocr_line' id='line_1_32' title="bbox 2021 4596 2113 4682; baseline -0.022 0"><span class='ocrx_word' id='word_1_223' title='bbox 2021 4596 2113 4682; x_wconf 83' lang='lat' dir='ltr'>alias</span> 
     </span>
    </p>
   </div>
   <div class='ocr_carea' id='block_1_4' title="bbox 0 0 2248 5924">
    <p class='ocr_par' dir='ltr' id='par_1_5' title="bbox 0 0 2248 5924">
     <span class='ocr_line' id='line_1_33' title="bbox 0 0 2248 5924; baseline 0 0"><span class='ocrx_word' id='word_1_224' title='bbox 0 0 2248 5924; x_wconf 95' lang='lat' dir='ltr'> </span> 
     </span>
    </p>
   </div>
  </div>
 </body>
</html>
