4459 5925
613 463 1085 689 auritatae
1428 573 1496 673 ἰι
1658 563 1662 568 ’

219 785 305 897 dit,
339 804 379 874 et
409 806 455 875 ut
479 789 584 907 ¹olim
618 794 878 907 Academicus
911 784 1213 905 Pettopoiitanut
1242 788 1290 876 de
1307 790 1500 877 Tracheis
1541 884 1546 894 ⁸
1645 838 1649 843 ι

192 918 455 1027 plantarum-
486 919 526 1003 in
576 920 762 1029 melone,
812 932 881 1005 net
908 930 999 1005 ‘uon
1031 924 1102 1007 de*
1114 921 1294 1005 radicibus
1323 937 1364 1003 et
1395 918 1497 1006 foiiiu
1562 1012 1567 1019 ,
1632 963 1634 966 ·

214 1039 391 1128 Cicirorii
421 1050 495 1147 (t.
531 1046 657 1134 Τοιιι.
689 1046 763 1133 lV.
798 1048 923 1132 etV.
959 1071 1040 1133 vet.
1074 1036 1317 1133 ΙΟιιιιιιιιιιιι.
1330 1057 1348 1157 )
1378 1070 1494 1131 ιοιιι·

212 1190 409 1257 mentatus
454 1196 567 1285 erat,
618 1177 670 1260 ita
703 1178 834 1287 paucis
861 1194 947 1260 aute
978 1178 1130 1263 obitum
1164 1174 1350 1270 mensrbot
1379 1175 1497 1284 opri-

214 1296 315 1404 lem,
348 1322 462 1409 quam
495 1302 562 1389 hic
593 1305 748 1412 damus,
779 1300 1007 1423 cpnscripfit
1002 1323 1055 1386 et
1082 1304 1312 1387 Academiae
1341 1301 1496 1387 nostrae

211 1422 504 1512 consecrauit·
554 1427 708 1515 Damus
739 1452 827 1514 eam
857 1428 934 1512 hoc
965 1416 1060 1532 fine,
1097 1446 1179 1511 tutu
1213 1426 1405 1537 nequid
1417 1432 1493 1512 im·
1533 1533 1538 1545 .

212 1552 387 1637 mortalis
416 1553 490 1638 tiri
521 1538 698 1641 laborum
728 1554 953 1659 intercidat,
987 1564 1070 1638 tum
1105 1556 1251 1645 urii-,-
1247 1556 1333 1663 qui
1361 1552 1495 1635 curio-

206 1676 260 1767 fis
277 1678 609 1768 obscurationibus
640 1680 907 1811 delcetantur,
934 1684 977 1765 ιιι
1005 1682 1176 1766 nostris
1164 1701 1333 1791 quoque
1366 1672 1493 1773 Com·

205 1808 411 1893 mentatiis
443 1813 664 1923 reperiant,
696 1818 776 1919 quo'
804 1810 976 1927 animum
1008 1808 1159 1917 pascere
1189 1806 1359 1917 possunt„

347 1936 640 2022 obseruationes
675 1938 867 2022 botanicae
897 1934 977 2020 sunt
1010 1936 1226 2045 sequentem·
1262 1960 1301 2017 1.
1322 1930 1494 2023 Fructus
1645 1944 1648 1947 ’

202 2060 381 2176 proiiseri
408 2078 447 2175 et
464 2062 649 2176 stondost.
713 2063 818 2149 Post·
833 2062 993 2149 colludia
1024 2088 1074 2147 ex
1108 2064 1221 2146 variis
1238 2109 1242 2118 ·
1259 2062 1498 2176 Auctoribus

114 2243 118 2249 »
206 2190 400 2275 studiuum
443 2191 710 2300 proliserorum
733 2238 741 2263 .·
761 2190 979 2301 exempla,
1028 2189 1283 2275 describuntur
1331 2175 1497 2299 quatuor

206 2319 324 2425 pitu,
358 2321 467 2404 nouis
494 2318 672 2403 ductibus
704 2336 747 2400 et
779 2316 973 2402 frondibus
993 2318 1205 2402 soecuada
1268 2339 1311 2396 2.
1350 2311 1496 2404 Mares

192 2435 392 2551 saiiua-
351 2470 487 2525 -cum
509 2446 640 2553 fracia
662 2446 858 2549 florijeru.
900 2446 959 2527 Vt
991 2466 1045 2527 ex
1076 2442 1242 2550 allegatis
1271 2443 1366 2550 piris
1396 2467 1495 2550 pro·
1593 2538 1596 2543 ,
1671 2498 1673 2503 -

209 2567 322 2645 diere
353 2565 537 2673 frondes,
591 2563 642 2643 ita
672 2562 737 2643 hic
770 2560 920 2643 frondes
950 2584 1002 2642 ex
1034 2560 1143 2642 maio
1175 2579 1283 2644 ortae
1311 2588 1493 2668 procrea-

200 2666 569 2789 comburens
599 2682 693 2775 Flos
722 2670 950 2791 rasari
851 2698 924 2793 pro
923 2682 1013 2794 siser
1042 2694 1081 2765 rt
1098 2676 1306 2796 jiondostu.
1369 2684 1494 2774 Hnios

208 2811 362 2923 generis
410 2811 516 2921 plura
561 2809 744 2921 exempla
775 2832 828 2893 ex
858 2806 1097 2923 scriptoribus
1126 2810 1240 2895 uariis
1269 2809 1500 2927 allegantur,

210 2957 253 3021 et
282 2937 523 3027 discrimen
511 2956 611 3025 tuter
642 2938 783 3050 [ungula
816 2958 979 3052 notatur.
1340 3008 1348 3023 .

299 3069 525 3156 Accedit
555 3065 660 3186 (p.
673 3093 778 3174 420.
797 3064 814 3182 )
852 3045 923 3154 obs
905 3070 1063 3156 scrutatio
1094 3065 1206 3159 Ιιὶιιιι
1237 3059 1490 3186 multiplicis,

209 3198 277 3282 cui
309 3199 565 3310 praemittitur
593 3199 835 3282 enumeratio
866 3199 1168 3309 exemplorum,
1215 3204 1266 3288 ab
1316 3206 1492 3314 optimae

209 3341 328 3409 notae
389 3323 556 3440 Physicis
616 3325 665 3408 de
729 3325 806 3410 hoc
868 3323 1149 3412 Phaenonieno
1209 3330 1489 3440 euulgatorum.

211 3449 452 3562 Bauium
483 3435 640 3539 Itidem
663 3473 782 3536 unam
816 3453 1125 3561 quincuplicatum
1154 3455 1253 3536 uidit
1274 3456 1491 3565 ,reliquas

211 3597 288 3662 tres
336 3580 551 3690 triplicatae.
635 3577 860 3670 Notandum
904 3598 1067 3683 autem,
1117 3577 1262 3662 Iridum
1296 3578 1384 3663 loco
1416 3581 1487 3691 ipsc
1656 3672 1660 3676 Α

207 3729 366 3817 quoque
395 3698 527 3788 Zouas
558 3702 756 3790 coloratas
779 3705 944 3794 tenire,
992 3727 1085 3807 quae
1124 3708 1348 3814 quandoque
1393 3705 1490 3792 iridi

208 3833 415 3944 primariae
464 3833 613 3916 interius
662 3831 863 3940 contiguae
911 3829 1131 3915 subobscure
1177 3827 1489 3941 conspiciuntur,
1559 3922 1564 3932 ,

210 3975 255 4043 ct
305 3961 384 4044 sere
435 3957 583 4069 semper
630 3959 808 4067 adparere
832 4020 834 4029 .
859 3956 997 4041 debent
1050 4022 1064 4065 ‚
1134 3959 1353 4050 dommodo
1402 3952 1487 4049 fitia

186 4086 314 4195 ‚clara
363 4082 447 4170 iuce
499 4085 724 4194 splendentis
769 4080 855 4166 solis
900 4083 1021 4183 radii,
1075 4085 1113 4165 in
1165 4105 1290 4170 atram
1343 4088 1485 4172 nubem

208 4211 439 4322 denbmque
471 4211 650 4355 pluuium·
669 4211 905 4316 incidentes,
957 4209 1130 4294 uiuidum
1172 4200 1317 4297 Iridem
1369 4215 1488 4300 effor

210 4361 327 4422 mare
375 4337 544 4450 possint
593 4339 711 4421 cadus
730 4275 916 4422 sufficien’s
955 4309 1226 4448 explicatio,
1244 4340 1490 4457 principiisa

208 4461 372 4581 summo
402 4467 579 4556 Neuioao
610 4463 711 4582 Opt.
742 4464 791 4552 L.
823 4463 878 4551 11.
912 4465 954 4553 P
986 4463 1062 4554 lV.
1090 4463 1302 4579 conlutis,
1299 4468 1492 4572 innixa,

888 4611 970 4694 ca
1382 4529 1492 4709 aperi
