4459 5925
579 450 766 595 idid(
798 478 878 582 ο’)
908 465 1049 596 udae
1359 500 1459 589 aaa
1587 556 1591 565 -

83 826 88 832 ,
183 682 1456 827 SECTOR'CATADIOPTRICVS.

584 974 627 1060 Α
658 967 698 1055 V
730 964 768 1057 C
798 972 839 1057 T
865 972 907 1061 0
936 970 1046 1064 RE

315 1316 323 1329 θ
392 1172 477 1270 10.
534 1175 752 1273 ANDR.
810 1180 903 1270 DE
954 1179 1239 1272 SEGNER.

173 1420 350 1657 Edi,
384 1471 474 1532 cum
515 1448 580 1533 vel
611 1451 692 1571 agri
722 1451 959 1535 mensurandi
988 1452 1095 1543 sunt,
1143 1449 1209 1538 vei
1252 1446 1453 1561 perficien·
1566 1486 1579 1513 ·
1640 1518 1645 1535 .

304 1573 373 1653 dae
402 1574 702 1683 ichnographiae
732 1579 955 1683 regionum,
995 1580 1094 1662 nulla
1127 1604 1169 1661 re
1196 1578 1322 1660 minus
1351 1578 1456 1661 labo·

174 1720 258 1779 rare
289 1696 470 1782 soleamus
496 1757 507 1787 ‚
536 1724 652 1808 quam
698 1703 950 1807 descriptione
985 1704 1206 1810 multiplicis
1253 1721 1456 1811 apparatus

173 1825 223 1905 nd
253 1822 292 1905 id
333 1826 551 1910 necessarii:
601 1825 642 1907 id
672 1841 833 1929 tamen,
883 1828 989 1935 quod
1021 1826 1087 1911 hie
1121 1826 1361 1933 describam,
1395 1828 1454 1911 in«

169 1948 423 2035 strumentum
445 1951 628 2060 singulm
644 1951 766 2036 uisum
785 1950 858 2053 est,
891 1972 1005 2063 atque
1032 1957 1162 2063 magni
1192 1952 1452 2064 vtplurimum

170 2080 413 2185 compendii.
480 2078 582 2163 Pede
627 2101 708 2160 non
739 2079 912 2187 indiget:
963 2082 1017 2164 ob
1061 2106 1221 2192 eamque
1250 2106 1335 2166 rem
1371 2102 1450 2165 non

167 2204 299 2285 modo
314 2203 599 2291 artificemnon
627 2224 795 2313 onerat,
827 2228 966 2291 verum
998 2224 1050 2314 et,
1080 2210 1183 2316 quod
1217 2234 1287 2318 per
1317 2206 1448 2293 instru-

43 2372 47 2379 ·
162 2348 337 2421 menta.
379 2354 474 2441 quae
507 2334 666 2441 operose
696 2333 736 2413 in
771 2331 1047 2443 pedamentum
1078 2332 1258 2419 collocari
1290 2336 1449 2441 debent,

159 2475 376 2565 antequam
428 2458 508 2541 vni
540 2454 618 2541 effe
648 2456 820 2567 poffint‚
867 2458 1079 2544 admodum
1128 2459 1328 2545 difficulter
1376 2460 1448 2546 fit.

157 2582 297 2689 anguli
329 2584 441 2689 dati,
470 2586 573 2668 cuiun
602 2609 709 2667 crura
740 2610 808 2695 per
839 2582 927 2668 data
956 2587 1035 2670 duo
1066 2586 1207 2694 pundia
1239 2582 1447 2677 transeant,

154 2712 352 2816 expedite
389 2712 521 2820 pmdit
551 2712 750 2795 verticem.
852 2710 940 2825 Qua
963 2698 1143 2823 'quidem
1197 2738 1240 2795 re
1279 2715 1445 2825 plurima

154 2834 404 2946 problemata
437 2839 660 2943 geodnetica
690 2838 925 2949 compendio
963 2838 1151 2923 soluuntur
1192 2838 1329 2947 absque
1367 2840 1447 2922 cal-

152 2963 267 3046 culo.
332 2960 473 3045 Meum
501 2965 628 3046 dicere
658 2991 738 3047 non
771 2959 948 3074 podem,
977 2967 1042 3075 qui
1071 2963 1167 3048 nihil
1197 2966 1242 3047 ad
1276 2966 1314 3048 id
1346 2989 1443 3048 con-

152 3088 251 3192 tuli,
284 3107 430 3198 praeter
460 3089 770 3173 contradiionem
803 3089 929 3195 molis,
962 3094 1004 3175 in
1034 3115 1106 3200 qua
1135 3092 1225 3174 ideo
1258 3090 1442 3196 laboraui,

151 3217 254 3329 quia
283 3213 444 3325 speram,
477 3214 604 3299 induci
635 3241 679 3299 ea
709 3239 751 3298 re
782 3213 894 3327 poffe
925 3218 1072 3327 aliquod
1101 3218 1176 3300 iter
1205 3216 1442 3329 facientium,

147 3343 207 3430 nd
243 3342 446 3452 capiendas
474 3343 681 3453 pofitioneu
708 3341 921 3434 locorum,
968 3369 1066 3455 quae
1113 3344 1180 3427 uel
1219 3345 1441 3452 attingunt,

147 3473 226 3556 vei
246 3488 406 3554 cernunt
419 3493 443 3552 e
457 3469 696 3579 longinquo,
728 3495 821 3579 quae
838 3495 914 3578 res,
947 3491 1130 3581 quantum
1163 3469 1210 3554 ad
1243 3469 1442 3579 perficien-

146 3597 224 3681 das
269 3594 420 3680 chartas
466 3595 740 3706 geographicas
783 3597 957 3681 conferte
989 3595 1139 3706 possit,
1189 3599 1317 3704 palam
1371 3595 1440 3682 est.

143 3721 327 3810 Deinde
359 3722 546 3832 plurimos
574 3723 814 3805 instrumenti
844 3722 927 3807 usius
955 3721 1052 3806 aiios
1080 3725 1224 3808 detexi.

310 3847 358 3934 ld
407 3849 553 3933 fedore
592 3849 767 3954 constat,
811 3850 878 3934 eni
923 3847 1099 3934 adfixum
1150 3850 1204 3935 eii
1251 3848 1439 3959 speculum
1464 3883 1547 3962 Tap,
1582 3885 1629 3969 χ,

138 3977 324 4091 planum
356 3976 613 4088 metallicum3
645 3997 758 4088 atque
790 3976 947 4083 indice,
982 3999 1150 4088 quocum
1193 3979 1302 4060 tubus
1341 4001 1431 4060 con·
1454 3983 1526 4088 Fig.
1556 4005 1608 4068 n,
1724 3979 1728 3988 ’

135 4131 285 4191 nexus
314 4103 370 4188 eii
401 4105 639 4213 dioptricuu,
687 4128 738 4188 ex
772 4126 906 4189 eorum
938 4129 1108 4214 genere.
1146 4128 1243 4214 quae
1282 4103 1435 4189 obiedia

133 4234 362 4316 inuentum.
425 4235 549 4316 Arcen
596 4231 748 4315 stecoris
782 4231 834 4313 est
874 4255 959 4340 pars
1004 4228 1236 4339 peripheriae
1283 4230 1434 4314 decima
1502 4225 1505 4232 ’

128 4351 293 4466 sexta,
319 4349 376 4444 'in
406 4358 582 4447 dimidios
613 4359 746 4472 gudae
773 4379 947 4448 acciu-ete
977 4357 1137 4470 diuisus,
1168 4381 1239 4470 qua
1267 4381 1313 4446 ne
1341 4381 1434 4469 par·
1496 4451 1499 4458 ¹

1131 4517 1147 4532 ⁸
1379 4497 1439 4571 iffi
1594 4571 1601 4584 ,
