<?xml version="1.0" encoding="UTF-8"?>
<!DOCTYPE html PUBLIC "-//W3C//DTD XHTML 1.0 Transitional//EN"
    "http://www.w3.org/TR/xhtml1/DTD/xhtml1-transitional.dtd">
<html xmlns="http://www.w3.org/1999/xhtml" xml:lang="en" lang="en">
 <head>
  <title>
</title>
<meta http-equiv="Content-Type" content="text/html;charset=utf-8" />
  <meta name='ocr-system' content='tesseract 3.04.00' />
  <meta name='ocr-capabilities' content='ocr_page ocr_carea ocr_par ocr_line ocrx_word'/>
</head>
<body>
  <div class='ocr_page' id='page_1' title='image "./novicommentarii14sssrgoog_0017.png"; bbox 0 0 4459 5925; ppageno 0'>
   <div class='ocr_carea' id='block_1_1' title="bbox 160 550 1564 2569">
    <p class='ocr_par' dir='ltr' id='par_1_1' title="bbox 160 550 1564 2569">
     <span class='ocr_line' id='line_1_1' title="bbox 456 550 1480 684; baseline 0.003 -3"><span class='ocrx_word' id='word_1_1' title='bbox 456 674 458 681; x_wconf 86' lang='lat'><em>.</em></span> <span class='ocrx_word' id='word_1_2' title='bbox 606 550 1081 684; x_wconf 60' lang='lat' dir='ltr'>urutoruuut</span> <span class='ocrx_word' id='word_1_3' title='bbox 1252 645 1255 653; x_wconf 87' lang='lat'>-</span> <span class='ocrx_word' id='word_1_4' title='bbox 1423 586 1480 650; x_wconf 74' lang='lat'>¹1</span> 
     </span>
     <span class='ocr_line' id='line_1_2' title="bbox 160 783 1487 905; baseline 0.005 -31"><span class='ocrx_word' id='word_1_5' title='bbox 160 860 165 874; x_wconf 81' lang='grc'>.</span> <span class='ocrx_word' id='word_1_6' title='bbox 208 806 306 870; x_wconf 74' lang='lat' dir='ltr'>veto</span> <span class='ocrx_word' id='word_1_7' title='bbox 337 783 453 872; x_wconf 83' lang='lat' dir='ltr'>etiam</span> <span class='ocrx_word' id='word_1_8' title='bbox 486 787 525 873; x_wconf 90' lang='lat' dir='ltr'>in</span> <span class='ocrx_word' id='word_1_9' title='bbox 557 786 618 875; x_wconf 84' lang='lat' dir='ltr'>his</span> <span class='ocrx_word' id='word_1_10' title='bbox 656 792 780 875; x_wconf 86' lang='lat' dir='ltr'>cumis</span> <span class='ocrx_word' id='word_1_11' title='bbox 820 790 1064 905; x_wconf 77' lang='lat' dir='ltr'>comparatio</span> <span class='ocrx_word' id='word_1_12' title='bbox 1111 815 1294 902; x_wconf 78' lang='lat' dir='ltr'>armum,</span> <span class='ocrx_word' id='word_1_13' title='bbox 1343 794 1398 880; x_wconf 79' lang='lat' dir='ltr'>uti</span> <span class='ocrx_word' id='word_1_14' title='bbox 1447 798 1487 881; x_wconf 91' lang='lat' dir='ltr'>in</span> 
     </span>
     <span class='ocr_line' id='line_1_3' title="bbox 205 912 1564 1039; baseline 0.008 -42"><span class='ocrx_word' id='word_1_15' title='bbox 205 912 386 1019; x_wconf 65' lang='lat' dir='ltr'>circum,</span> <span class='ocrx_word' id='word_1_16' title='bbox 420 916 563 1002; x_wconf 81' lang='lat' dir='ltr'>institui</span> <span class='ocrx_word' id='word_1_17' title='bbox 593 916 745 1031; x_wconf 81' lang='lat' dir='ltr'>potest:</span> <span class='ocrx_word' id='word_1_18' title='bbox 779 918 870 1024; x_wconf 86' lang='lat' dir='ltr'>sed,</span> <span class='ocrx_word' id='word_1_19' title='bbox 909 920 1014 1031; x_wconf 85' lang='lat' dir='ltr'>quod</span> <span class='ocrx_word' id='word_1_20' title='bbox 1048 920 1126 1005; x_wconf 85' lang='lat' dir='ltr'>inm</span> <span class='ocrx_word' id='word_1_21' title='bbox 1163 924 1319 1033; x_wconf 71' lang='lat' dir='ltr'>punem</span> <span class='ocrx_word' id='word_1_22' title='bbox 1348 922 1392 1005; x_wconf 89' lang='lat' dir='ltr'>in</span> <span class='ocrx_word' id='word_1_23' title='bbox 1425 948 1485 1007; x_wconf 83' lang='lat' dir='ltr'>ut·</span> <span class='ocrx_word' id='word_1_24' title='bbox 1560 1034 1564 1039; x_wconf 89' lang='lat'>.</span> 
     </span>
     <span class='ocr_line' id='line_1_4' title="bbox 208 1043 1485 1155; baseline 0.007 -29"><span class='ocrx_word' id='word_1_25' title='bbox 208 1043 321 1127; x_wconf 84' lang='lat' dir='ltr'>cubus</span> <span class='ocrx_word' id='word_1_26' title='bbox 350 1045 572 1155; x_wconf 81' lang='lat' dir='ltr'>perebolicis</span> <span class='ocrx_word' id='word_1_27' title='bbox 601 1048 655 1132; x_wconf 84' lang='lat' dir='ltr'>est</span> <span class='ocrx_word' id='word_1_28' title='bbox 687 1046 863 1155; x_wconf 81' lang='lat' dir='ltr'>uuum,</span> <span class='ocrx_word' id='word_1_29' title='bbox 895 1048 932 1132; x_wconf 89' lang='lat' dir='ltr'>id</span> <span class='ocrx_word' id='word_1_30' title='bbox 965 1050 1214 1135; x_wconf 78' lang='lat' dir='ltr'>nuncetiam</span> <span class='ocrx_word' id='word_1_31' title='bbox 1253 1049 1357 1135; x_wconf 74' lang='lat' dir='ltr'>istius</span> <span class='ocrx_word' id='word_1_32' title='bbox 1403 1069 1485 1135; x_wconf 87' lang='lat' dir='ltr'>rto·</span> 
     </span>
     <span class='ocr_line' id='line_1_5' title="bbox 206 1172 1481 1290; baseline 0.007 -36"><span class='ocrx_word' id='word_1_33' title='bbox 206 1192 277 1256; x_wconf 72' lang='lat' dir='ltr'>ure</span> <span class='ocrx_word' id='word_1_34' title='bbox 311 1172 493 1259; x_wconf 87' lang='lat' dir='ltr'>methodi</span> <span class='ocrx_word' id='word_1_35' title='bbox 515 1174 710 1261; x_wconf 89' lang='lat' dir='ltr'>beneficio</span> <span class='ocrx_word' id='word_1_36' title='bbox 741 1175 780 1259; x_wconf 92' lang='lat' dir='ltr'>in</span> <span class='ocrx_word' id='word_1_37' title='bbox 810 1176 931 1285; x_wconf 80' lang='lat' dir='ltr'>ellipii</span> <span class='ocrx_word' id='word_1_38' title='bbox 959 1194 1000 1259; x_wconf 91' lang='lat' dir='ltr'>et</span> <span class='ocrx_word' id='word_1_39' title='bbox 1029 1174 1240 1289; x_wconf 77' lang='lat' dir='ltr'>hyperbole</span> <span class='ocrx_word' id='word_1_40' title='bbox 1264 1174 1481 1290; x_wconf 71' lang='lat' dir='ltr'>praestatur.</span> 
     </span>
     <span class='ocr_line' id='line_1_6' title="bbox 198 1292 1481 1417; baseline 0.006 -34"><span class='ocrx_word' id='word_1_41' title='bbox 198 1294 357 1384; x_wconf 69' lang='lat' dir='ltr'>:Scilicet</span> <span class='ocrx_word' id='word_1_42' title='bbox 385 1303 478 1388; x_wconf 83' lang='lat' dir='ltr'>dato</span> <span class='ocrx_word' id='word_1_43' title='bbox 509 1304 549 1388; x_wconf 94' lang='lat' dir='ltr'>in</span> <span class='ocrx_word' id='word_1_44' title='bbox 581 1304 695 1389; x_wconf 81' lang='lat' dir='ltr'>ultera</span> <span class='ocrx_word' id='word_1_45' title='bbox 727 1327 839 1390; x_wconf 86' lang='lat' dir='ltr'>curun</span> <span class='ocrx_word' id='word_1_46' title='bbox 875 1327 962 1389; x_wconf 82' lang='lat' dir='ltr'>utcu</span> <span class='ocrx_word' id='word_1_47' title='bbox 999 1326 1224 1417; x_wconf 85' lang='lat' dir='ltr'>quocunque</span> <span class='ocrx_word' id='word_1_48' title='bbox 1260 1330 1284 1391; x_wconf 86' lang='lat' dir='ltr'>u</span> <span class='ocrx_word' id='word_1_49' title='bbox 1331 1292 1481 1417; x_wconf 66' lang='lat' dir='ltr'>pontio</span> 
     </span>
     <span class='ocr_line' id='line_1_7' title="bbox 197 1427 1480 1541; baseline 0.006 -32"><span class='ocrx_word' id='word_1_50' title='bbox 197 1427 318 1512; x_wconf 83' lang='lat' dir='ltr'>etiam</span> <span class='ocrx_word' id='word_1_51' title='bbox 350 1428 447 1513; x_wconf 76' lang='lat' dir='ltr'>dcto</span> <span class='ocrx_word' id='word_1_52' title='bbox 479 1432 625 1541; x_wconf 83' lang='lat' dir='ltr'>semper</span> <span class='ocrx_word' id='word_1_53' title='bbox 656 1430 750 1525; x_wconf 83' lang='lat' dir='ltr'>alius</span> <span class='ocrx_word' id='word_1_54' title='bbox 780 1456 885 1515; x_wconf 82' lang='lat' dir='ltr'>arcus</span> <span class='ocrx_word' id='word_1_55' title='bbox 911 1428 953 1513; x_wconf 91' lang='lat' dir='ltr'>in</span> <span class='ocrx_word' id='word_1_56' title='bbox 991 1433 1126 1516; x_wconf 81' lang='lat' dir='ltr'>eadem</span> <span class='ocrx_word' id='word_1_57' title='bbox 1165 1445 1278 1518; x_wconf 81' lang='lat' dir='ltr'>curua</span> <span class='ocrx_word' id='word_1_58' title='bbox 1319 1434 1480 1520; x_wconf 78' lang='lat' dir='ltr'>abscindi</span> 
     </span>
     <span class='ocr_line' id='line_1_8' title="bbox 201 1554 1479 1671; baseline 0.008 -35"><span class='ocrx_word' id='word_1_59' title='bbox 201 1554 361 1665; x_wconf 86' lang='lat' dir='ltr'>potest,</span> <span class='ocrx_word' id='word_1_60' title='bbox 395 1555 500 1641; x_wconf 83' lang='lat' dir='ltr'>cuius</span> <span class='ocrx_word' id='word_1_61' title='bbox 530 1558 578 1642; x_wconf 82' lang='lat' dir='ltr'>eb</span> <span class='ocrx_word' id='word_1_62' title='bbox 609 1556 677 1644; x_wconf 90' lang='lat' dir='ltr'>illo</span> <span class='ocrx_word' id='word_1_63' title='bbox 707 1556 964 1644; x_wconf 81' lang='lat' dir='ltr'>differentiam</span> <span class='ocrx_word' id='word_1_64' title='bbox 1016 1560 1250 1671; x_wconf 84' lang='lat' dir='ltr'>geometrice</span> <span class='ocrx_word' id='word_1_65' title='bbox 1301 1559 1479 1670; x_wconf 69' lang='lat' dir='ltr'>cognate</span> 
     </span>
     <span class='ocr_line' id='line_1_9' title="bbox 196 1676 1478 1803; baseline 0.009 -40"><span class='ocrx_word' id='word_1_66' title='bbox 196 1681 336 1769; x_wconf 79' lang='lat' dir='ltr'>iicett:</span> <span class='ocrx_word' id='word_1_67' title='bbox 370 1704 450 1772; x_wconf 87' lang='lat' dir='ltr'>tom</span> <span class='ocrx_word' id='word_1_68' title='bbox 485 1708 583 1769; x_wconf 81' lang='lat' dir='ltr'>uero</span> <span class='ocrx_word' id='word_1_69' title='bbox 614 1676 730 1770; x_wconf 76' lang='lat' dir='ltr'>etiarn</span> <span class='ocrx_word' id='word_1_70' title='bbox 763 1686 963 1797; x_wconf 84' lang='lat' dir='ltr'>negotium</span> <span class='ocrx_word' id='word_1_71' title='bbox 997 1684 1050 1803; x_wconf 88' lang='lat' dir='ltr'>ita</span> <span class='ocrx_word' id='word_1_72' title='bbox 1081 1686 1223 1771; x_wconf 87' lang='lat' dir='ltr'>confici</span> <span class='ocrx_word' id='word_1_73' title='bbox 1251 1687 1380 1799; x_wconf 80' lang='lat' dir='ltr'>potest</span> <span class='ocrx_word' id='word_1_74' title='bbox 1397 1742 1412 1793; x_wconf 83' lang='lat'><em>‚</em></span> <span class='ocrx_word' id='word_1_75' title='bbox 1430 1705 1478 1774; x_wconf 81' lang='lat' dir='ltr'>rt</span> 
     </span>
     <span class='ocr_line' id='line_1_10' title="bbox 198 1812 1476 1927; baseline 0.006 -34"><span class='ocrx_word' id='word_1_76' title='bbox 198 1832 276 1911; x_wconf 57' lang='lat' dir='ltr'>‘non</span> <span class='ocrx_word' id='word_1_77' title='bbox 309 1812 478 1923; x_wconf 80' lang='lat' dir='ltr'>ipsorum</span> <span class='ocrx_word' id='word_1_78' title='bbox 507 1834 698 1923; x_wconf 76' lang='lat' dir='ltr'>arcuum,</span> <span class='ocrx_word' id='word_1_79' title='bbox 731 1814 794 1901; x_wconf 81' lang='lat' dir='ltr'>red</span> <span class='ocrx_word' id='word_1_80' title='bbox 834 1814 1057 1925; x_wconf 88' lang='lat' dir='ltr'>quotumuis</span> <span class='ocrx_word' id='word_1_81' title='bbox 1095 1838 1229 1903; x_wconf 84' lang='lat' dir='ltr'>cotum</span> <span class='ocrx_word' id='word_1_82' title='bbox 1268 1816 1476 1927; x_wconf 83' lang='lat' dir='ltr'><strong>multiplo-</strong></span> 
     </span>
     <span class='ocr_line' id='line_1_11' title="bbox 194 1940 1476 2065; baseline 0.01 -42"><span class='ocrx_word' id='word_1_83' title='bbox 194 1962 280 2025; x_wconf 89' lang='lat' dir='ltr'>tum</span> <span class='ocrx_word' id='word_1_84' title='bbox 312 1940 525 2029; x_wconf 79' lang='lat' dir='ltr'>differentia</span> <span class='ocrx_word' id='word_1_85' title='bbox 554 1942 624 2029; x_wconf 78' lang='lat' dir='ltr'>fiat</span> <span class='ocrx_word' id='word_1_86' title='bbox 655 1943 893 2054; x_wconf 84' lang='lat' dir='ltr'>geometrice</span> <span class='ocrx_word' id='word_1_87' title='bbox 924 1942 1173 2055; x_wconf 83' lang='lat' dir='ltr'>nsfigunbilis,</span> <span class='ocrx_word' id='word_1_88' title='bbox 1205 1945 1318 2059; x_wconf 90' lang='lat' dir='ltr'>idque</span> <span class='ocrx_word' id='word_1_89' title='bbox 1335 1946 1476 2065; x_wconf 57' lang='lat' dir='ltr'>itant</span> 
     </span>
     <span class='ocr_line' id='line_1_12' title="bbox 197 2072 1470 2185; baseline 0.005 -35"><span class='ocrx_word' id='word_1_90' title='bbox 197 2088 297 2152; x_wconf 81' lang='lat' dir='ltr'>rtcus</span> <span class='ocrx_word' id='word_1_91' title='bbox 327 2072 510 2181; x_wconf 82' lang='lat' dir='ltr'>queefitus</span> <span class='ocrx_word' id='word_1_92' title='bbox 534 2096 562 2155; x_wconf 75' lang='lat' dir='ltr'>u</span> <span class='ocrx_word' id='word_1_93' title='bbox 593 2072 687 2159; x_wconf 84' lang='lat' dir='ltr'>dato</span> <span class='ocrx_word' id='word_1_94' title='bbox 716 2072 862 2185; x_wconf 70' lang='lat' dir='ltr'>puncto</span> <span class='ocrx_word' id='word_1_95' title='bbox 897 2074 1069 2183; x_wconf 82' lang='lat' dir='ltr'>incipiat,</span> <span class='ocrx_word' id='word_1_96' title='bbox 1150 2074 1304 2160; x_wconf 77' lang='lat' dir='ltr'>omina</span> <span class='ocrx_word' id='word_1_97' title='bbox 1337 2092 1470 2159; x_wconf 81' lang='lat' dir='ltr'>autem</span> 
     </span>
     <span class='ocr_line' id='line_1_13' title="bbox 193 2179 1531 2314; baseline 0.006 -37"><span class='ocrx_word' id='word_1_98' title='bbox 193 2192 265 2279; x_wconf 83' lang='lat' dir='ltr'>irae</span> <span class='ocrx_word' id='word_1_99' title='bbox 295 2198 542 2310; x_wconf 87' lang='lat' dir='ltr'>conditione,</span> <span class='ocrx_word' id='word_1_100' title='bbox 560 2218 604 2285; x_wconf 78' lang='lat' dir='ltr'>rt</span> <span class='ocrx_word' id='word_1_101' title='bbox 625 2226 735 2287; x_wconf 79' lang='lat' dir='ltr'>¹arcus</span> <span class='ocrx_word' id='word_1_102' title='bbox 762 2179 947 2314; x_wconf 65' lang='lat' dir='ltr'>quaesitus</span> <span class='ocrx_word' id='word_1_103' title='bbox 976 2202 1020 2284; x_wconf 88' lang='lat' dir='ltr'>in</span> <span class='ocrx_word' id='word_1_104' title='bbox 1051 2202 1145 2289; x_wconf 81' lang='lat' dir='ltr'>dato</span> <span class='ocrx_word' id='word_1_105' title='bbox 1177 2196 1323 2312; x_wconf 68' lang='lat' dir='ltr'>punito</span> <span class='ocrx_word' id='word_1_106' title='bbox 1339 2204 1473 2286; x_wconf 88' lang='lat' dir='ltr'>tetmi·</span> <span class='ocrx_word' id='word_1_107' title='bbox 1527 2237 1531 2245; x_wconf 95' lang='lat'>·</span> 
     </span>
     <span class='ocr_line' id='line_1_14' title="bbox 192 2326 1472 2445; baseline 0.009 -42"><span class='ocrx_word' id='word_1_108' title='bbox 192 2340 337 2434; x_wconf 85' lang='lat' dir='ltr'>netur,</span> <span class='ocrx_word' id='word_1_109' title='bbox 364 2326 470 2413; x_wconf 84' lang='lat' dir='ltr'>effici</span> <span class='ocrx_word' id='word_1_110' title='bbox 503 2328 658 2443; x_wconf 88' lang='lat' dir='ltr'>potest,</span> <span class='ocrx_word' id='word_1_111' title='bbox 689 2348 734 2415; x_wconf 80' lang='lat' dir='ltr'>ut</span> <span class='ocrx_word' id='word_1_112' title='bbox 764 2328 975 2415; x_wconf 84' lang='lat' dir='ltr'>differentia</span> <span class='ocrx_word' id='word_1_113' title='bbox 1007 2331 1071 2416; x_wconf 83' lang='lat' dir='ltr'>rel</span> <span class='ocrx_word' id='word_1_114' title='bbox 1101 2328 1270 2445; x_wconf 85' lang='lat' dir='ltr'>ipsorum</span> <span class='ocrx_word' id='word_1_115' title='bbox 1302 2349 1472 2431; x_wconf 77' lang='lat' dir='ltr'>arcuum,</span> 
     </span>
     <span class='ocr_line' id='line_1_15' title="bbox 190 2448 1559 2569; baseline 0.008 -40"><span class='ocrx_word' id='word_1_116' title='bbox 190 2449 255 2531; x_wconf 74' lang='lat' dir='ltr'>rel</span> <span class='ocrx_word' id='word_1_117' title='bbox 292 2458 545 2559; x_wconf 80' lang='lat' dir='ltr'>quorumdam</span> <span class='ocrx_word' id='word_1_118' title='bbox 578 2458 847 2569; x_wconf 88' lang='lat' dir='ltr'>multipiornm</span> <span class='ocrx_word' id='word_1_119' title='bbox 881 2458 1094 2545; x_wconf 86' lang='lat' dir='ltr'>eorundem</span> <span class='ocrx_word' id='word_1_120' title='bbox 1133 2458 1352 2560; x_wconf 79' lang='lat' dir='ltr'>tumescat,</span> <span class='ocrx_word' id='word_1_121' title='bbox 1403 2458 1474 2542; x_wconf 86' lang='lat' dir='ltr'>fic·</span> <span class='ocrx_word' id='word_1_122' title='bbox 1555 2448 1559 2454; x_wconf 68' lang='grc'><strong><em>’</em></strong></span> 
     </span>
    </p>
   </div>
   <div class='ocr_carea' id='block_1_2' title="bbox 184 2574 1470 2803">
    <p class='ocr_par' dir='ltr' id='par_1_2' title="bbox 184 2574 1470 2803">
     <span class='ocr_line' id='line_1_16' title="bbox 184 2574 1470 2678; baseline 0.007 -29"><span class='ocrx_word' id='word_1_123' title='bbox 184 2594 264 2678; x_wconf 77' lang='lat' dir='ltr'>que</span> <span class='ocrx_word' id='word_1_124' title='bbox 291 2590 397 2649; x_wconf 76' lang='lat' dir='ltr'>arcus</span> <span class='ocrx_word' id='word_1_125' title='bbox 428 2574 1282 2673; x_wconf 56' lang='grc' dir='ltr'>απίςσπῑηυεππτηυήιῶιυω-αωπ·</span> <span class='ocrx_word' id='word_1_126' title='bbox 1295 2587 1397 2654; x_wconf 78' lang='lat' dir='ltr'>incer</span> <span class='ocrx_word' id='word_1_127' title='bbox 1433 2580 1470 2660; x_wconf 84' lang='lat' dir='ltr'>sc</span> 
     </span>
     <span class='ocr_line' id='line_1_17' title="bbox 188 2686 1469 2803; baseline 0.008 -27"><span class='ocrx_word' id='word_1_128' title='bbox 188 2706 336 2776; x_wconf 76' lang='lat' dir='ltr'>teneant</span> <span class='ocrx_word' id='word_1_129' title='bbox 367 2691 573 2773; x_wconf 83' lang='lat' dir='ltr'>rationem.</span> <span class='ocrx_word' id='word_1_130' title='bbox 646 2687 776 2798; x_wconf 83' lang='lat' dir='ltr'>Atque</span> <span class='ocrx_word' id='word_1_131' title='bbox 816 2686 907 2773; x_wconf 88' lang='lat' dir='ltr'>hinc</span> <span class='ocrx_word' id='word_1_132' title='bbox 955 2690 1050 2775; x_wconf 84' lang='lat' dir='ltr'>iriud</span> <span class='ocrx_word' id='word_1_133' title='bbox 1097 2691 1302 2803; x_wconf 79' lang='lat' dir='ltr'>problema</span> <span class='ocrx_word' id='word_1_134' title='bbox 1341 2702 1469 2787; x_wconf 80' lang='lat' dir='ltr'>marti·</span> 
     </span>
    </p>
   </div>
   <div class='ocr_carea' id='block_1_3' title="bbox 178 2814 1635 3702">
    <p class='ocr_par' dir='ltr' id='par_1_3' title="bbox 187 2814 1468 2941">
     <span class='ocr_line' id='line_1_18' title="bbox 187 2814 1468 2941; baseline 0.004 -33"><span class='ocrx_word' id='word_1_135' title='bbox 187 2842 257 2908; x_wconf 80' lang='lat' dir='ltr'>me</span> <span class='ocrx_word' id='word_1_136' title='bbox 284 2834 423 2903; x_wconf 76' lang='lat' dir='ltr'>notatu</span> <span class='ocrx_word' id='word_1_137' title='bbox 452 2816 611 2927; x_wconf 86' lang='lat' dir='ltr'>dignum</span> <span class='ocrx_word' id='word_1_138' title='bbox 641 2814 773 2902; x_wconf 75' lang='lat' dir='ltr'>resolui</span> <span class='ocrx_word' id='word_1_139' title='bbox 804 2818 964 2929; x_wconf 84' lang='lat' dir='ltr'>potest,</span> <span class='ocrx_word' id='word_1_140' title='bbox 990 2844 1068 2932; x_wconf 89' lang='lat' dir='ltr'>quo</span> <span class='ocrx_word' id='word_1_141' title='bbox 1111 2820 1218 2906; x_wconf 84' lang='lat' dir='ltr'>datus</span> <span class='ocrx_word' id='word_1_142' title='bbox 1254 2825 1468 2941; x_wconf 76' lang='lat' dir='ltr'>quicunque</span> 
     </span>
    </p>

    <p class='ocr_par' dir='ltr' id='par_1_4' title="bbox 179 2942 1556 3575">
     <span class='ocr_line' id='line_1_19' title="bbox 183 2942 1535 3058; baseline 0.006 -24"><span class='ocrx_word' id='word_1_143' title='bbox 183 2973 318 3058; x_wconf 73' lang='lat' dir='ltr'>arctus,</span> <span class='ocrx_word' id='word_1_144' title='bbox 352 2944 429 3034; x_wconf 78' lang='lat' dir='ltr'>flue</span> <span class='ocrx_word' id='word_1_145' title='bbox 457 2944 674 3057; x_wconf 87' lang='lat' dir='ltr'>ellipticus,</span> <span class='ocrx_word' id='word_1_146' title='bbox 707 2944 782 3032; x_wconf 86' lang='lat' dir='ltr'>fiue</span> <span class='ocrx_word' id='word_1_147' title='bbox 809 2942 1112 3058; x_wconf 85' lang='lat' dir='ltr'>hyperbolicos,</span> <span class='ocrx_word' id='word_1_148' title='bbox 1161 2952 1214 3034; x_wconf 78' lang='lat' dir='ltr'>itu</span> <span class='ocrx_word' id='word_1_149' title='bbox 1253 2954 1367 3038; x_wconf 77' lang='lat' dir='ltr'>secari</span> <span class='ocrx_word' id='word_1_150' title='bbox 1406 2957 1467 3042; x_wconf 91' lang='lat' dir='ltr'>iu·</span> <span class='ocrx_word' id='word_1_151' title='bbox 1529 3042 1535 3054; x_wconf 79' lang='grc'>,</span> 
     </span>
     <span class='ocr_line' id='line_1_20' title="bbox 183 3073 1468 3196; baseline 0.009 -36"><span class='ocrx_word' id='word_1_152' title='bbox 183 3075 324 3186; x_wconf 86' lang='lat' dir='ltr'>betur,</span> <span class='ocrx_word' id='word_1_153' title='bbox 376 3089 423 3158; x_wconf 79' lang='lat' dir='ltr'>ut</span> <span class='ocrx_word' id='word_1_154' title='bbox 477 3075 645 3188; x_wconf 80' lang='lat' dir='ltr'>partium</span> <span class='ocrx_word' id='word_1_155' title='bbox 696 3073 929 3196; x_wconf 68' lang='lat' dir='ltr'>differentia=</span> <span class='ocrx_word' id='word_1_156' title='bbox 960 3078 1197 3189; x_wconf 85' lang='lat' dir='ltr'>geometrice</span> <span class='ocrx_word' id='word_1_157' title='bbox 1248 3077 1468 3193; x_wconf 80' lang='lat' dir='ltr'>nffignubilis</span> 
     </span>
     <span class='ocr_line' id='line_1_21' title="bbox 181 3195 1465 3323; baseline 0.009 -35"><span class='ocrx_word' id='word_1_158' title='bbox 181 3206 330 3288; x_wconf 77' lang='lat' dir='ltr'>euadat.</span> <span class='ocrx_word' id='word_1_159' title='bbox 395 3195 475 3288; x_wconf 90' lang='lat' dir='ltr'>Sub</span> <span class='ocrx_word' id='word_1_160' title='bbox 504 3201 625 3289; x_wconf 91' lang='lat' dir='ltr'>finem</span> <span class='ocrx_word' id='word_1_161' title='bbox 657 3201 925 3289; x_wconf 79' lang='lat' dir='ltr'>animaduertit</span> <span class='ocrx_word' id='word_1_162' title='bbox 941 3205 1122 3310; x_wconf 63' lang='lat' dir='ltr'>Artior,</span> <span class='ocrx_word' id='word_1_163' title='bbox 1153 3233 1267 3317; x_wconf 82' lang='lat' dir='ltr'>quam</span> <span class='ocrx_word' id='word_1_164' title='bbox 1310 3209 1465 3323; x_wconf 79' lang='lat' dir='ltr'>inignit</span> 
     </span>
     <span class='ocr_line' id='line_1_22' title="bbox 182 3329 1556 3448; baseline 0.012 -32"><span class='ocrx_word' id='word_1_165' title='bbox 182 3333 417 3418; x_wconf 77' lang='lat' dir='ltr'>incremento</span> <span class='ocrx_word' id='word_1_166' title='bbox 449 3331 493 3416; x_wconf 88' lang='lat' dir='ltr'>in</span> <span class='ocrx_word' id='word_1_167' title='bbox 522 3329 677 3440; x_wconf 80' lang='lat' dir='ltr'>Anulysr</span> <span class='ocrx_word' id='word_1_168' title='bbox 705 3329 944 3416; x_wconf 86' lang='lat' dir='ltr'>infinitorum</span> <span class='ocrx_word' id='word_1_169' title='bbox 978 3331 1070 3417; x_wconf 91' lang='lat' dir='ltr'>hinc</span> <span class='ocrx_word' id='word_1_170' title='bbox 1088 3335 1282 3446; x_wconf 72' lang='lat' dir='ltr'>expeuari</span> <span class='ocrx_word' id='word_1_171' title='bbox 1298 3359 1461 3448; x_wconf 77' lang='lat' dir='ltr'>queant,</span> <span class='ocrx_word' id='word_1_172' title='bbox 1554 3430 1556 3432; x_wconf 75' lang='grc'>,</span> 
     </span>
     <span class='ocr_line' id='line_1_23' title="bbox 179 3457 1463 3575; baseline 0.005 -32"><span class='ocrx_word' id='word_1_173' title='bbox 179 3484 271 3546; x_wconf 87' lang='lat' dir='ltr'>cum</span> <span class='ocrx_word' id='word_1_174' title='bbox 305 3457 391 3544; x_wconf 90' lang='lat' dir='ltr'>inde</span> <span class='ocrx_word' id='word_1_175' title='bbox 429 3457 622 3545; x_wconf 80' lang='lat' dir='ltr'>eiusmodi</span> <span class='ocrx_word' id='word_1_176' title='bbox 660 3461 929 3568; x_wconf 77' lang='lat' dir='ltr'>aequationem</span> <span class='ocrx_word' id='word_1_177' title='bbox 981 3459 1321 3571; x_wconf 77' lang='lat' dir='ltr'>differentiarum,</span> <span class='ocrx_word' id='word_1_178' title='bbox 1368 3491 1463 3575; x_wconf 78' lang='lat' dir='ltr'>quoe</span> 
     </span>
    </p>

    <p class='ocr_par' dir='ltr' id='par_1_5' title="bbox 178 3584 1635 3702">
     <span class='ocr_line' id='line_1_24' title="bbox 178 3584 1635 3702; baseline 0.008 -33"><span class='ocrx_word' id='word_1_179' title='bbox 178 3586 278 3670; x_wconf 84' lang='lat' dir='ltr'>nulii</span> <span class='ocrx_word' id='word_1_180' title='bbox 307 3586 370 3670; x_wconf 79' lang='lat' dir='ltr'>ulii</span> <span class='ocrx_word' id='word_1_181' title='bbox 405 3584 595 3673; x_wconf 88' lang='lat' dir='ltr'>methodo</span> <span class='ocrx_word' id='word_1_182' title='bbox 634 3585 799 3695; x_wconf 79' lang='lat' dir='ltr'>cedunt,</span> <span class='ocrx_word' id='word_1_183' title='bbox 850 3585 1062 3698; x_wconf 83' lang='lat' dir='ltr'>intergtalin</span> <span class='ocrx_word' id='word_1_184' title='bbox 1108 3589 1208 3675; x_wconf 75' lang='lat' dir='ltr'>adeo</span> <span class='ocrx_word' id='word_1_185' title='bbox 1252 3589 1461 3702; x_wconf 78' lang='lat' dir='ltr'>elgebrnicn</span> <span class='ocrx_word' id='word_1_186' title='bbox 1623 3584 1635 3629; x_wconf 60' lang='lat'>²</span> 
     </span>
    </p>
   </div>
   <div class='ocr_carea' id='block_1_4' title="bbox 171 3711 533 3828">
    <p class='ocr_par' dir='ltr' id='par_1_6' title="bbox 171 3711 533 3828">
     <span class='ocr_line' id='line_1_25' title="bbox 171 3711 533 3828; baseline 0.003 -31"><span class='ocrx_word' id='word_1_187' title='bbox 171 3712 350 3828; x_wconf 76' lang='lat' dir='ltr'>effigncri</span> <span class='ocrx_word' id='word_1_188' title='bbox 380 3711 533 3828; x_wconf 85' lang='lat' dir='ltr'>poffint.</span> 
     </span>
    </p>
   </div>
   <div class='ocr_carea' id='block_1_5' title="bbox 0 0 2234 5925">
    <p class='ocr_par' dir='ltr' id='par_1_7' title="bbox 0 0 2234 5925">
     <span class='ocr_line' id='line_1_26' title="bbox 0 0 2234 5925; baseline 0 13"><span class='ocrx_word' id='word_1_189' title='bbox 0 0 2234 5925; x_wconf 95' lang='lat' dir='ltr'> </span> 
     </span>
    </p>
   </div>
  </div>
 </body>
</html>
