4459 5925
394 555 663 654 Morus
717 502 1205 655 mutuorum.
1353 585 1442 676 ιη
1613 589 1615 594 ¹

170 807 304 878 motus
323 789 484 877 ‘excludi
509 809 695 902 oportet,
726 815 886 902 quotum
921 789 1039 903 pasto
1067 789 1200 908 reliqui
1233 787 1307 878 suut
1333 815 1449 878 eunu-

152 922 319 1028 tparnti,
373 938 417 1002 et
464 942 630 1030 quanm
677 921 915 1032 proprietate
960 921 1014 1004 ab
1057 920 1136 1004 illis
1177 919 1447 1030 distinguamur
1629 959 1631 964 v

165 1067 309 1156 operae
336 1045 508 1158 pretium
533 1046 704 1151 uidene,
734 1046 946 1132 accuratior
968 1045 1146 1132 delinire.
1424 1097 1428 1108 ·

308 1249 351 1332 ς.
381 1231 603 1340 Antequam
634 1232 740 1316 enim
775 1250 945 1335 monus,
988 1254 1067 1342 quo
1111 1230 1271 1322 fluidum
1325 1229 1446 1350 quod·

164 1357 272 1468 piam
304 1357 391 1442 adiu
424 1361 624 1472 agitatur²
670 1357 841 1468 assignari
871 1375 1017 1469 quent²
1066 1360 1309 1442 necessarium
1342 1358 1444 1442 vide-
1508 1387 1514 1396 ·

165 1502 262 1590 tur,
292 1476 346 1572 vt⁴
368 1510 511 1568 omnes.
535 1503 666 1567 motus
682 1550 698 1593 2
749 1487 814 1594 qui
848 1485 1003 1596 quidem
1035 1486 1074 1566 in
1107 1484 1182 1568 hoc
1216 1484 1335 1568 fluido
1365 1485 1444 1568 suu

163 1609 290 1694 fissere
312 1647 318 1663 ·
331 1605 521 1718 possent,
568 1609 858 1722 dignoscantur:
909 1635 1004 1718 quos
1037 1631 1167 1693 motus
1196 1609 1261 1696 hic
1293 1611 1447 1721 possibi-

162 1737 223 1818 les
254 1737 424 1837 vocabo,
456 1753 503 1817 ut
535 1760 557 1816 a
589 1738 759 1818 motinus
787 1733 1104 1844 impossibilibus,
1140 1738 1206 1852 qui
1237 1759 1289 1820 ne
1317 1738 1446 1830 locutu

161 1861 321 1972 quidem
354 1861 493 1946 habere
522 1859 707 1972 possunt,
754 1861 991 1970 distinguam.
1091 1859 1139 1945 In
1169 1861 1271 1946 hunc
1320 1863 1444 1972 finem

160 1987 274 2072 nobis
304 1989 580 2072 constituendus
631 1989 707 2070 erit
753 1987 963 2096 character,
997 1989 1163 2072 motibus
1210 1987 1445 2102 possibilibus

156 2117 405 2224 conueniens,
434 2136 574 2224 eosque
592 2115 639 2197 ab
670 2113 959 2224 impossrbilibus
990 2116 1208 2228 segregaus3
1240 2142 1318 2226 quo
1342 2114 1443 2200 utto
1607 2197 1612 2206 .

156 2266 221 2326 ex
253 2244 424 2329 motibus
467 2240 702 2354 poffibilibur
744 2243 880 2352 quotie
923 2244 1007 2326 cusu
1054 2267 1150 2327 earm
1198 2241 1444 2329 determinari

142 2370 375 2478 oportebit,
404 2372 473 2480 qui
489 2369 581 2453 reru
610 2368 725 2453 inesse
737 2369 907 2452 debebit.
968 2369 1071 2451 Tum
1092 2368 1230 2454 scilicet
1260 2371 1308 2454 ad
1326 2373 1444 2476 riter,

144 2497 297 2604 quibus
327 2517 422 2606 aqna
450 2495 695 2600 sollicitatur,
741 2494 816 2581 erit
844 2491 1152 2602 respiciendum,
1202 2514 1251 2578 tt
1278 2487 1441 2600 moun,

135 2621 230 2728 qui
256 2621 337 2704 illis
367 2620 679 2726 decurrimus,
703 2643 760 2706 ex
787 2619 1041 2706 mechanicae
1067 2621 1264 2730 principiis
1290 2619 1441 2706 definiti

301 2919 356 2995 o.
402 2909 454 2997 In
502 2912 763 2998 chanderem
792 2911 910 3023 igitur
938 2926 1118 2996 motuum
1169 2911 1437 3027 posfibilium²

134 3039 373 3151 quicunque
403 3038 544 3123 scilicet
575 3041 672 3124 salua
723 3038 1086 3149 impenetrabilitate
1135 3042 1176 3123 in
1225 3040 1345 3125 fluido
1374 3042 1440 3124 iu·

139 3167 233 3250 ‹esse
282 3167 460 3277 poliunt,
502 3169 691 3282 inquirere
719 3166 787 3251 hic
813 3163 1003 3251 constitui.
1100 3166 1276 3252 fluidum
1306 3186 1436 3250 autern

149 3294 243 3375 eius
271 3295 406 3379 indolis
434 3296 609 3398 autumo,
659 3313 701 3376 ut
729 3318 854 3405 neque
885 3298 926 3377 in
954 3293 1094 3377 arelius
1127 3294 1287 3405 spatium
1325 3318 1439 3379 cotu-

146 3421 253 3529 pelli
285 3418 540 3533 seponatur,
568 3446 698 3531 neque
724 3422 806 3505 eius
832 3423 1057 3504 continuitas
1086 3412 1313 3530 interrumpi
1345 3444 1435 3529 pos·

134 3547 234 3633 ·fit:
283 3550 407 3633 statuo
432 3545 620 3633 nimirum
651 3549 693 3630 in
722 3548 856 3631 medio
884 3548 991 3632 fluidi
1018 3546 1182 3650 durante
1209 3565 1321 3631 motu
1351 3544 1440 3631 nul·
1512 3622 1519 3639 ,
1553 3624 1556 3631 .

72 3697 76 3704 ·
139 3675 242 3759 'lum
270 3673 432 3785 spatium
462 3666 636 3761 alluido
661 3699 826 3759 ructum
856 3670 1027 3783 relinqui,
1058 3671 1122 3758 sed
1146 3676 1433 3758 continuitatem

145 3802 197 3883 io
226 3825 280 3886 eo
301 3804 448 3913 iugiter
471 3801 698 3890 conserturi.
763 3802 933 3887 Thouria
961 3801 1069 3887 enirn
1100 3802 1148 3889 ad
1178 3801 1292 3885 fluida
1324 3801 1435 3884 huius

144 3947 313 4014 naturae
328 3934 636 4035 accommodate,
663 3952 750 4013 nou
767 3929 868 4013 adeo
879 3926 1036 4016 difficile
1049 3927 1143 4036 erit,
1170 3952 1260 4011 eam
1278 3928 1325 4010 ad
1343 3926 1436 4013 flui-

136 4057 200 4141 da
232 4082 407 4169 quoque,
445 4082 613 4169 quorum
644 4058 800 4141 deufitee
830 4054 886 4140 est
935 4053 1137 4159 variabilis,
1186 4076 1351 4167 ecquae
1384 4078 1434 4147 ne

133 4189 448 4271 ,continuitatem
475 4182 872 4297 quidemnecelsatio
898 4184 1112 4292 requirunt,
1138 4184 1364 4283 extendere.

308 4390 352 4470 7.
401 4347 455 4452 Si
492 4370 608 4478 igitur
655 4371 696 4452 iu
741 4368 963 4455 huiusmodi
1011 4368 1132 4455 fluido
1182 4370 1437 4455 confideretut

134 4500 290 4617 portio
319 4521 589 4606 quaecunque,
620 4513 768 4626 motus,
800 4521 881 4611 quo
911 4494 1074 4604 singulae
1103 4496 1187 4581 eius
1224 4496 1435 4609 particulae

217 4620 677 4715 Tum.V1.Nuo.C0m.
892 4622 940 4709 M
961 4646 1004 4707 tu
1306 4621 1432 4711 serun-
1581 4627 1585 4637 '
