4459 5925
628 508 799 613 ·at
980 566 984 572 -
1151 484 1623 621 adulatum

734 722 1057 832 horizontalem,
1116 727 1175 811 cui
1204 727 1399 813 incumbit
1426 754 1577 839 conus,
1609 728 1763 839 planum
1798 726 2008 839 verticalc,

733 874 843 967 atque
873 852 1138 958 demonstrat,
1173 858 1290 961 coni,
1322 879 1394 965 per
1433 858 1598 969 ‘planum
1652 855 1778 962 hoc,
1812 855 2012 963 seeiione,

733 982 891 1094 produci
924 981 1102 1091 ellipsin,
1131 982 1235 1067 cuius
1263 982 1346 1065 artis
1375 984 1500 1069 maior
1539 983 1737 1069 horizonti
1786 984 1978 1095 parallelus
1989 974 2009 1090 ’,

730 1112 908 1219 cuiusque
940 1132 1147 1213 teucrum,
1181 1108 1329 1217 puncto
1359 1112 1556 1229 coutadua
1595 1110 1766 1219 ellipstot
1804 1130 1845 1194 et
1883 1108 2009 1197 redite

730 1234 1012 1345 horizontalit,
1044 1235 1103 1321 cui
1132 1236 1320 1325 incumbit
1348 1259 1505 1341 conus,
1554 1236 1780 1322 uenicalitcr
1807 1239 2007 1347 imminet.

592 1358 595 1373 '
729 1361 877 1478 Quodfi
907 1365 1033 1475 itaque
1062 1362 1254 1455 diameter
1282 1363 1511 1471 grauioris,
1550 1360 1627 1448 liue
1656 1365 1739 1448 axia
1764 1366 1886 1449 coni.
1938 1389 2009 1475 per

730 1485 899 1600 ellipseoe
936 1510 1108 1577 centrum
1158 1489 1355 1597 nannet,
1398 1490 1588 1576 suffultum
1635 1488 1863 1576 censudum
1912 1492 2009 1576 esset

673 1682 676 1689 .
729 1618 822 1702 coni
853 1634 1027 1703 centrum
1058 1618 1265 1729 grauitatis.
1327 1615 1404 1705 Hic
1433 1636 1563 1705 autem
1597 1640 1658 1703 ret
1695 1614 1807 1702 aliter
1852 1614 1890 1703 se
1937 1614 2006 1712 ht‘-

730 1742 810 1831 bet.
876 1740 1033 1831 Constat
1063 1767 1211 1857 nempe
1256 1770 1308 1833 ex
1355 1746 1602 1857 geometricis
1636 1742 2013 1849 'consrderatiouibm

728 1866 769 1957 iu
799 1870 1057 1994 dissertatione
1087 1872 1275 1985 prolatia',
1308 1892 1483 1959 centrum
1511 1870 1683 1984 ellipscoe
1710 1871 1749 1955 in
1784 1869 1877 1957 axin
1894 1873 2006 1985 coni,

602 2100 607 2110 s
730 2020 782 2081 ex
814 2024 892 2108 quo
922 2001 1095 2105 secatur,
1132 2026 1210 2087 non
1249 1999 1414 2114 cadert;
1466 2004 1568 2087 rude
1599 1999 1749 2111 liquet,
1789 2021 1842 2082 00
1886 2022 2005 2109 (Μ

728 2124 1010 2213 consideramus
1040 2130 1155 2236 casu,
1204 2149 1380 2223 centrum
1411 2128 1604 2241 grauitatis
1632 2126 1724 2212 coni
1752 2148 1835 2212 nou
1880 2124 2010 2215 sufful-

730 2267 814 2335 tum
845 2254 950 2362 esse,
981 2261 1201 2369 mutamque
1232 2282 1314 2344 uon
1352 2256 1436 2362 cll,
1474 2257 1576 2369 quod
1621 2253 1711 2339 adiu
1761 2252 2009 2363 prouoluatut

729 2400 882 2487 coum,
912 2406 974 2467 eas
1001 2402 1125 2494 partes
1157 2380 1311 2488 uersus,
1344 2382 1469 2470 resur
1484 2406 1575 2495 quas
1604 2397 1780 2469 centrum
1813 2377 2011 2493 gcffltant

725 2502 840 2617 ipfiue
870 2532 894 2589 a
925 2506 1044 2589 libero
1077 2507 1252 2589 descensu
1285 2525 1363 2586 uon
1398 2502 1624 2609 impeditur.

876 2628 1080 2737 Postquam
1109 2628 1166 2711 ita
1191 2625 1407 2735 generatim
1439 2621 1592 2711 ostensa
1633 2617 1736 2707 haec
1779 2618 1891 2735 sunt,
1938 2626 2006 2715 dt·

727 2737 894 2839 iliustiua
923 2752 1182 2865 experimenti
1229 2750 1442 2837 theoriam·
1466 2748 1634 2862 disquirit
1679 2748 1865 2861 Auditur,
1910 2776 2007 2840 rno-

728 2899 929 2986 tnentum,
957 2879 1111 2991 quoad
1141 2877 1355 2964 destenfflm
1387 2874 1608 2961 sollicitatur
1634 2893 1810 2964 centrum
1841 2880 2005 2990 grauita-

725 3007 786 3110 tis,
819 3025 883 3091 aut
913 3031 1034 3093 cuuus
1060 3007 1108 3094 ad
1138 3025 1293 3101 motum
1325 3005 1574 3110 rotatorittn,
1604 3003 1828 3116 inreligat,
1857 3006 2007 3092 lineae·

724 3155 823 3244 que,
859 3157 928 3244 per
957 3159 1071 3245 quam
1103 3132 1262 3217 durante
1290 3133 1586 3244 protelatione,
1615 3152 1790 3218 centrum
1813 3134 2007 3244 grauitatit

722 3263 813 3344 coui
842 3251 1059 3368 descendit,
1091 3259 1378 3345 inclinationem
1409 3259 1457 3343 ad
1489 3258 1737 3345 horizontem
1759 3262 2004 3348 determinat.

725 3383 791 3474 Ex
822 3387 881 3472 his
909 3385 1065 3471 tandem
1098 3387 1323 3470 immediate
1350 3387 1582 3490 deducitur,
1635 3405 1820 3497 quantum
1871 3387 2006 3474 redae

724 3509 997 3632 horinontalea,
1028 3511 1162 3625 quibus
1193 3513 1377 3599 incumbit
1408 3535 1558 3616 conus,
1592 3511 1732 3598 eleuari
1750 3522 1910 3624 quetut3
1931 3539 2004 3600 au·

723 3655 877 3752 teqrram
910 3659 1017 3724 rotae
1048 3638 1273 3750 prouolutio
1300 3656 1343 3723 et
1387 3663 1576 3750 apparent
1627 3633 1815 3724 ascensus.
1840 3639 2007 3727 astacon

876 3766 985 3852 Plena
1017 3764 1066 3851 fic
1098 3766 1351 3876 omnibusque
1388 3766 1558 3850 numeria
1602 3761 1773 3850 absoluta
1819 3762 2000 3879 suppedi-

724 3911 824 3982 tatur
853 3894 962 3982 huius
993 3894 1254 4005 phaenomeui
1285 3890 1527 4004 explicatio,
1556 3915 1672 4004 quam
1702 3915 1756 3976 eo
1786 3895 1912 4005 mugit
1938 3894 2002 3980 lu·

724 4047 771 4108 ce
801 4020 1117 4134 publicadiguum
1135 4021 1456 4123 existimemus,
1472 4021 1577 4131 quod
1593 4019 1705 4130 aliqui
1732 4016 2003 4127 Phylicotum.

723 4148 900 4265 interque
929 4171 998 4234 tot
1028 4145 1358 4259 perspicacissimus
1395 4141 1729 4260 Desaguiltieriut,
1776 4149 1818 4234 in
1840 4147 2001 4237 ¹eodem
2079 4147 2085 4156 “

723 4273 802 4361 hoc
832 4277 1017 4387 negotio,
1048 4274 1245 4362 infeliciter
1271 4271 1405 4361 veruti
1434 4273 1539 4386 lint,
1569 4276 1697 4392 prouti
1730 4271 1797 4364 sub
1831 4274 2004 4365 duern-

723 4403 840 4492 tionia
865 4403 987 4492 finem
1020 4400 1212 4520 Krap‘ilm
1242 4403 1491 4501 demonstrat.
1920 4501 2008 4618 wa
