4459 5925
774 533 837 615 aa
1178 485 1652 626 adielolaliite

773 742 899 817 metra
925 737 970 807 et
999 720 1240 807 Astronnmo
1267 718 1502 830 Bongneria,
1541 720 1653 805 talem
1693 712 1877 801 assumunt
1916 737 2046 816 cuma·

774 876 936 959 turam,
964 871 1010 935 tt
1049 850 1248 933 meridiani
1278 862 1447 959 gradus,
1478 846 1704 932 transeundo
1753 847 1806 929 ab
1851 865 2053 955 aequatore

779 981 901 1067 versus
932 978 1077 1089 polos,
1115 978 1314 1063 increscant
1343 977 1540 1061 secundnm
1580 980 1798 1085 tationem,
1847 997 1945 1083 quae
1993 970 2055 1054 bi·
2224 979 2225 986 ‘

775 1106 954 1219 quadrata
986 1106 1131 1189 dunum
1165 1105 1406 1189 latitudinum
1438 1104 1669 1207 intercedit,
1718 1127 1807 1185 curn
1841 1103 1880 1183 in
1928 1100 2054 1208 hypn-

773 1235 871 1324 thesr
901 1233 1065 1343 elliptica
1097 1230 1193 1317 haec
1223 1234 1459 1314 incrementa
1487 1234 1529 1315 in
1557 1231 1742 1343 duplicata
1769 1229 1917 1313 circiter
1939 1249 2056 1337 prae·

776 1362 968 1447 dislorum
999 1361 1146 1445 dunum
1178 1361 1329 1443 ratione
1358 1358 1470 1444 siant.

775 1675 788 1697 .
934 1613 1101 1743 Magnus
1136 1614 1191 1699 ell
1221 1587 1358 1718 harum
1388 1611 1661 1725 hypothelium
1698 1614 1739 1698 in
1783 1608 2057 1721 disquisitiones

777 1737 938 1847 aClar.
972 1744 1149 1828 Audore
1186 1746 1400 1850 institutas,
1451 1740 1630 1827 influxus.
1711 1739 1909 1843 slsiurnta⁸
1947 1740 2053 1822 euim

777 1870 853 1957 alia
881 1892 1097 1957 curunurae
1127 1873 1325 1957 meridiani
1357 1874 1475 1979 lege,
1504 1870 1576 1952 alia
1616 1869 1744 1981 prodit
1780 1868 1886 1949 ratio
1933 1866 2053 1949 redt-

744 1978 891 2105 'rum,
920 2026 974 2083 ex
1003 1998 1262 2083 obseruatotiit
1291 2001 1338 2083 ad
1352 2015 1689 2097 cornescentrum
1722 1993 1944 2094 dunarum,
1961 1994 2055 2075 alir-

776 2149 852 2235 que
882 2129 1030 2238 anguli,
1060 2152 1177 2233 quern
1206 2125 1394 2212 verticalis
1421 2126 1641 2239 lineatum
1669 2123 1777 2212 radio
1809 2120 1969 2223 terrestri
1995 2120 2057 2201 in·

778 2250 932 2362 cludit,
972 2254 1179 2359 mensura,
1217 2256 1318 2337 vnde
1353 2254 1555 2339 necessario
1591 2273 1744 2364 quoqne
1795 2250 1869 2334 alia
1908 2248 2057 2357 aliaque
2122 2328 2129 2339 ,

783 2379 937 2489 prodite
963 2382 1078 2467 debet
1106 2381 1346 2493 parallaxeos
1372 2380 1511 2465 lunaris
1538 2384 1750 2489 quantitas.»

935 2628 1097 2734 Vtrique
1127 2626 1254 2733 itaque
1303 2621 1543 2730 hypothesi,
1569 2623 1867 2709 Netotonianae
1915 2648 2058 2735 nempe

782 2768 896 2862 atque
929 2751 1229 2861 Bottgutrianne,
1259 2743 1482 2858 (emendato
1511 2749 1616 2858 prius
1642 2752 1797 2861 aliquo,
1827 2751 1891 2861 qni
1923 2754 1963 2833 in
1978 2754 2061 2835 cul·

784 2880 889 2966 culos
920 2879 1139 2982 analyticos,
1158 2901 1190 2958 a
1220 2872 1309 2959 Cel.
1327 2876 1511 2987 Botguem
1528 2876 1728 2984 institutos,
1761 2881 1973 2988 irrepserat,
1995 2902 2059 2964 er·

786 3000 922 3118 rore)
979 3005 1283 3116 inuestigationes
1345 3005 1423 3087 snas
1484 3005 1637 3121 adaptat
1702 2995 1805 3089 Cirr.
1876 3007 2058 3112 Audlor,

739 3176 740 3180 κ
783 3136 884 3244 quod
918 3135 1149 3242 negotium,
1179 3157 1251 3243 qua
1281 3132 1431 3216 ratione
1464 3131 1662 3239 perficiat,
1689 3134 1751 3245 qui
1791 3131 1880 3215 scire
1921 3135 2058 3242 cupit,

787 3259 835 3345 ad
865 3259 981 3369 ipdm
1013 3261 1315 3346 dissertationem
1344 3261 1569 3368 ablegandus
1598 3260 1667 3344 tsl.
1722 3259 1810 3345 Nos
1841 3257 2060 3343 lricsolnm·

792 3389 926 3472 modo
950 3409 1156 3472 monemus
1186 3411 1241 3470 ex
1271 3374 1541 3496 prolixioribus
1571 3383 1675 3472 Clar.
1709 3381 1894 3496 Collegae
1926 3387 2060 3496 disqui-

790 3513 982 3600 sitionibus
1012 3531 1052 3596 et
1078 3515 1234 3599 calculis
1262 3515 1410 3615 elucere
1441 3493 1632 3615 tandein,
1665 3517 1726 3601 sub
1765 3513 1941 3626 parallelo
1989 3511 2061 3596 Pe·

789 3641 1028 3746 tropolirano
1066 3643 1249 3725 tationem
1278 3641 1509 3748 parallaxeos
1539 3642 1788 3726 horiwntalis
1837 3641 1973 3727 Lunae
2020 3660 2061 3726 et

787 3765 965 3850 diametri
999 3763 1112 3874 ipsrns
1144 3768 1200 3850 uti
1235 3788 1322 3868 270
1352 3771 1399 3854 ad
1436 3793 1520 3871 149
1536 3771 1687 3854 cirtioet
1703 3771 1937 3856 slatnendnm
1954 3766 2056 3898 elle,

788 3912 904 4002 atque
937 3893 1146 4003 parallaxin
1178 3894 1306 3978 Lunae
1346 3897 1652 4003 horizonralem,
1691 3924 1743 3982 ex
1783 3897 1913 3980 tabulis
1951 3873 2057 3984 Hal-

635 4055 638 4062 ·
786 4017 919 4108 leianis
950 4021 1183 4126 deductam,
1220 4045 1324 4134 parte
1352 4023 1416 4129 sui,
1441 4030 1511 4107 ,ιό
1517 4037 1541 4108 8
1593 4031 1801 4135 aagendam
1853 4019 1962 4132 esse,
2009 4042 2056 4109 vt

789 4147 940 4232 theoria
972 4175 1061 4232 cnm
1096 4173 1225 4235 natura
1256 4156 1301 4237 ad
1333 4149 1549 4235 consensum
1580 4158 1805 4259 reducatur,
1831 4155 1932 4261 qnod
1972 4153 2056 4262 qui·

789 4273 880 4356 dem
914 4301 1005 4358 cnm
1037 4280 1299 4385 conclufione,
1331 4305 1445 4388 qttam
1478 4283 1517 4361 in
1551 4279 1686 4364 Tomo
1719 4281 1770 4360 V.
1804 4279 2060 4364 Commenta·

781 4402 932 4506 riorum
965 4403 1203 4492 Academiae
1237 4407 1417 4516 nostrae,
1446 4431 1502 4492 ex
1531 4408 1826 4508 consideratione
1852 4407 2052 4620 etlrpp'uff
