4459 5925
126 522 131 529 ’
244 560 774 668 nmorouoncau
795 570 862 661 tn
887 509 1045 667 arara.
1071 569 1317 668 uacuae.
1359 602 1461 690 ψ,

37 845 41 892 :
183 804 308 912 specu
354 805 459 905 fnit,
508 803 713 888 horimme
758 806 801 887 in
830 804 971 889 ricinia
1005 828 1096 913 prae
1126 802 1348 891 obl'curinte
1381 816 1456 896 ier·

36 1004 44 1030 ,
179 950 275 1013 ano.
326 926 533 1015 Caeterum
565 940 685 1013 etiam
715 932 886 1032 coelum,-
913 953 1023 1015 antea
1038 934 1194 1039 quidem
1217 934 1459 1041 splenduisti·-¹

178 1081 324 1159 mum,
355 1066 441 1139 atris
471 1060 687 1158 nubeculis,
720 1082 837 1165 quae,
869 1058 1278 1167 onninamente,
1318 1064 1459 1150 irarum

70 1214 75 1224 ¹
178 1182 304 1266 lucem
333 1186 439 1292 quasi
465 1186 707 1269 illustriorem
737 1185 998 1293 reddidemut,
1029 1188 1223 1295 paullatim
1258 1187 1460 1277 hincmare

176 1310 383 1413 obdudtum
432 1314 513 1395 fu'rt
605 1312 740 1400 Nubes
770 1312 963 1398 lucidam
996 1316 1098 1423 sept
1091 1317 1312 1397 unionibus
1344 1320 1454 1404 breul
1583 1400 1587 1407 .

175 1438 303 1545 poll
292 1461 423 1545 rgoeo
457 1438 605 1549 fulgore
636 1442 847 1548 roboreque
874 1444 1099 1554 coruscabat
1189 1440 1344 1527 Eodem
1379 1447 1461 1529 fere

175 1581 356 1669 tempore
405 1568 594 1651 orientem
634 1570 759 1651 uersus
796 1587 867 1651 trea
907 1570 1139 1673 praelucidae
1176 1572 1259 1675 colu
1265 1596 1376 1655 nroae
1408 1576 1461 1657 ab

174 1688 444 1772 horizontem
476 1691 598 1772 altum
631 1697 676 1773 ad
713 1718 771 1791 30
803 1695 948 1771 circiter
975 1703 1107 1797 gradus
1135 1701 1307 1775 extentae
1359 1724 1460 1781 con·

173 1816 458 1925 irridebantur,
488 1826 594 1897 mox'
621 1814 741 1897 rursus
767 1814 1003 1921 dilpareotea
1070 1815 1211 1899 naues
1241 1818 1302 1899 illa
1336 1801 1461 1907 luc'ida

175 1962 388 2027 memorata
404 1944 531 2024 lucem
549 1940 654 2022 suam
669 1943 882 2025 admodum
901 1944 1073 2025 variabat
1090 1943 1199 2027 omni
1231 1968 1453 2052 momento,

172 2070 364 2153 interdum
401 2069 717 2178 penituerunt,
769 2070 961 2151 interdum
995 2070 1154 2152 orientia
1184 2075 1282 2154 inter
1334 2076 1459 2161 nubea

171 2195 258 2279 solis
295 2194 404 2278 inllat
444 2196 593 2296 tinda,
645 2219 915 2306 nonnunquam
949 2214 988 2278 et
1018 2200 1130 2279 lunae
1164 2199 1280 2281 inllat
1312 2206 1455 2307 pallida

170 2343 267 2414 etat.
356 2323 583 2437 Quadranris
637 2320 753 2405 horae
804 2322 925 2431 spatio
973 2322 1102 2432 elapso
1153 2328 1286 2408 eadem
1337 2332 1460 2415 nubes

172 2448 366 2535 orientem
398 2454 487 2533 vers
482 2445 847 2562 uuamplificabatur,
878 2467 1039 2561 tuncque
1069 2452 1282 2535 constanter
1311 2455 1453 2562 pallida

166 2576 256 2660 fuit.
340 2572 455 2659 Breui
502 2576 588 2689 poll
638 2597 764 2659 totum
811 2577 962 2658 coelum
1004 2576 1245 2665 obscuratum
1278 2579 1378 2681 suit,
1412 2601 1455 2667 et

162 2697 308 2787 uentris
351 2684 475 2787 subito
521 2702 877 2788 uehementllirmos
922 2725 975 2786 ex
1028 2702 1146 2810 SW,
1189 2711 1288 2790 cuius
1318 2708 1453 2795 afflatu

159 2829 238 2915 lux
270 2832 338 2913 illa
365 2831 664 2939 septentrionalis
690 2832 817 2914 subito
846 2828 949 2941 quasr
975 2830 1187 2938 exllinda,
1231 2852 1300 2916 aut
1348 2834 1460 2919 diffr-

159 2979 255 3068 pata
303 2956 393 3040 itit..
463 2958 611 3041 Ventus
658 2958 723 3042 hic
767 2983 841 3042 nec
867 2959 1008 3042 saeuire
1038 2959 1149 3044 desiit
1184 2981 1269 3043 tota
1300 2960 1450 3075 nodie,

157 3104 205 3168 at
239 3085 425 3190 coelum,
459 3085 544 3196 post
575 3085 859 3198 praeterlapl‘am
894 3085 1096 3169 dimidiam
1129 3085 1296 3200 horam,
1330 3089 1451 3177 rursus

153 3213 401 3322 aliquantum
433 3211 698 3311 serenabatur,
745 3207 917 3320 partique
952 3213 1228 3320 septentrionali
1270 3218 1451 3323 inprimis

155 3359 274 3422 tanta
321 3339 465 3420 claritas
512 3333 786 3441 inducebatur,
837 3363 932 3448 quae
979 3359 1103 3423 totam
1138 3342 1449 3448 atmolphaeram

153 3467 221 3550 ita
254 3466 394 3549 clar'am
428 3465 624 3568 reddidit,
672 3463 769 3574 qualr
801 3461 911 3548 lunae
950 3466 1068 3576 pleno
1113 3465 1314 3577 splendore
1365 3469 1450 3556 illu·

154 3592 356 3676 straretur.
421 3591 582 3703 Hocque
622 3589 777 3674 durabat
814 3593 861 3676 ad
898 3592 941 3674 lr.
982 3594 1338 3703 13p0llmedram
1377 3619 1446 3677 no·

151 3723 299 3830 Elem,
332 3745 410 3828 quo
438 3740 616 3830 tempore
647 3717 795 3804 coelum
825 3717 1037 3828 spiffiffimis
1062 3721 1219 3821 nubibus
1236 3719 1448 3806 obdollom

149 3851 235 3933 est.
318 3842 430 3931 Circa
473 3848 674 3932 diluculum
707 3849 784 3929 diei
815 3846 996 3955 sequentis
1044 3846 1192 3957 infignir
1224 3849 1346 3954 pluuia
1379 3873 1441 3932 ce.

143 3977 301 4084 cidit,
349 3999 465 4085 quam
515 3974 683 4082 procella
732 3976 910 4058 omnium
962 3972 1292 4058 vehementilsrma
1342 3974 1441 4060 SW

140 4101 316 4214 sequuta
361 4105 427 4184 ell.
509 4099 578 4185 Ex
628 4101 704 4184 hoc
754 4126 876 4212 porro
924 4117 1104 4209 tempore
1153 4105 1199 4184 ad
1238 4124 1292 4179 20
1324 4126 1445 4211 usque

138 4229 274 4315 venti
301 4233 378 4313 fere
406 4250 595 4338 perpetuo
626 4225 816 4334 saeuiere,
862 4225 1112 4334 copiofirtque
1145 4229 1293 4336 pluuiae
1342 4227 1440 4310 ceci·
1475 4227 1480 4230 ’

134 4359 313 4444 derunt.
376 4353 433 4438 D.
473 4371 526 4442 18
556 4355 697 4465 aliquot
725 4357 845 4439 leucas
878 4353 973 4434 infra
1006 4350 1190 4436 Kosclruci
1224 4351 1359 4435 ollium
1390 4355 1444 4440 ad
1523 4399 1527 4408 ·

132 4484 279 4590 Kiam
307 4479 519 4594 grauillrma
550 4481 739 4570 obseruata
770 4483 824 4568 est
853 4480 1088 4588 tempestus,
1132 4483 1330 4563 tonitribus
1363 4477 1439 4624 ful·

1337 4629 1440 4715 gun·
