4459 5925
810 534 898 638 2'70
962 461 1405 639 vermentone
1435 526 1594 628 coar.
1629 501 1995 620 rmnmrmr.

791 746 955 844 'attritio
972 827 984 868 ,
999 757 1072 844 seu
1100 783 1240 869 torpor
1270 751 1542 868 prouolutione
1575 758 1739 871 persedia
1773 776 1987 851 mouetur,
2030 761 2078 845 ri·

648 931 660 956 ·
806 893 1072 972 reserarem·
1114 887 1353 1007 praestabant
1383 885 1564 974 effisirnn
1583 883 1600 996 ',
1646 885 1753 972 acsi
1802 909 1945 998 torpua
1986 891 2074 998 quir·

800 1006 944 1125 serret3
972 1015 1137 1129 indeque
1169 1017 1263 1126 ergo
1293 1010 1471 1126 patebit,
1511 1040 1561 1100 an
1592 1013 1738 1101 attritos
1773 1035 1990 1126 generetur,
2020 1041 2073 1102 net

804 1139 878 1228 nei
912 1141 1124 1230 sinautem
1154 1144 1235 1230 iam
1265 1146 1412 1230 attritur
1437 1145 1566 1250 adlit,
1590 1165 1682 1270 tum
1716 1142 1819 1226 virae
1849 1143 2075 1229 sollicitantes

740 1319 745 1328 ·
804 1270 966 1384 plenum
1001 1293 1160 1356 exerent
1207 1271 1423 1379 effedlum,
1471 1273 1518 1357 iia
1568 1292 1698 1358 autem
1748 1269 1904 1382 adiungi
1936 1293 2072 1383 oportet

651 1383 656 1392 ⁴
803 1408 928 1482 totam
979 1397 1196 1488 sridrionem
1229 1425 1278 1486 ex
1309 1400 1434 1486 attritu
1467 1417 1626 1486 natam:
1671 1398 1735 1482 abi
1769 1398 1981 1482 notandum
2010 1401 2069 1500 est,

738 1581 742 1588 ·
802 1522 1022 1614 sridiiooem
1054 1527 1207 1640 semper
1237 1529 1405 1614 eiusdem
1440 1535 1522 1621 lore
1552 1527 1842 1640 magnitudinis,
1877 1526 1954 1612 siue
1981 1533 2071 1614 attri-

804 1673 865 1741 tus
895 1654 1006 1743 suerit
1038 1661 1176 1767 maior,
1208 1659 1281 1744 saue
1322 1649 1481 1763 minor,
1530 1656 1633 1743 secus
1681 1681 1725 1742 ac
1768 1674 1999 1774 putaueram
2036 1659 2066 1742 ir

802 1777 1061 1870 dissertatione
1091 1787 1196 1897 sopra
1227 1803 1459 1870 memorata.

960 1921 1035 1995 σο.
1091 1911 1165 2016 ¹Sic
1196 1915 1306 2024 igitur
1337 1936 1427 1997 uera
1481 1913 1691 2024 principia,
1744 1909 1956 1998 secundum
1993 1917 2070 2022 qius

803 2043 961 2133 effeaus
1008 2026 1192 2129 stidiio‘nir
1241 2039 1281 2124 in
1318 2063 1430 2125 motu
1462 2065 1673 2152 corporum
1708 2037 1827 2150 piano
1859 2043 2069 2124 incumben-

779 2172 901 2286 tium
952 2167 1147 2258 diiudicari
1195 2167 1344 2275 debet,
1395 2165 1494 2255 mihi
1524 2169 1702 2280 equidem
1736 2165 1887 2254 tradiiie
1918 2169 2069 2280 uideor,

800 2301 868 2382 rbi
899 2297 977 2385 hoc
1025 2296 1202 2406 inprimis
1234 2303 1367 2381 notato
1408 2300 1581 2408 dignum,
1612 2321 1653 2381 et
1685 2297 1788 2410 quafi
1823 2303 2066 2408 paradoxum,

801 2429 997 2530 occurrit,
1026 2423 1144 2534 quod,
1192 2421 1257 2507 nisu
1288 2424 1366 2508 inm
1397 2425 1507 2512 detur
1537 2431 1713 2533 attritus,
1754 2425 1913 2510 effedlua
1945 2428 2067 2510 virium

801 2551 1083 2638 sollicitantium
1130 2570 1209 2633 oon
1253 2574 1306 2635 ex
1353 2550 1429 2664 ipsa
1480 2577 1611 2638 earum
1655 2553 1868 2664 quantitate
1902 2553 2071 2638 aeilimari

799 2681 969 2783 debeat,
1001 2680 1058 2762 uti
1090 2679 1130 2760 in
1164 2678 1342 2762 omnibus
1372 2681 1524 2790 reliqna
1558 2699 1742 2766 motuum
1772 2680 1973 2792 generibus
2002 2679 2072 2764 lieri
2175 2769 2176 2776 Ν

799 2828 985 2921 oportet,
1019 2805 1080 2890 nd
1110 2805 1226 2915 qood·
1244 2805 1320 2917 ipsa
1350 2807 1478 2894 sridiio
1512 2807 1693 2893 essedum
1730 2811 1873 2894 uirium
1906 2809 2072 2894 modere-
2175 2797 2176 2808 ‘

802 2953 889 3023 tor:
924 2935 987 3027 vel
1016 2933 1121 3045 quod
1155 2935 1298 3026 eodem
1333 2938 1452 3045 redit,
1484 2935 1639 3025 etiamsi
1663 2937 1717 3023 ob
1744 2937 1994 3053 deficientem
2022 2954 2077 3021 at.

801 3065 935 3175 tritum
971 3061 1075 3147 nulla
1106 3060 1198 3149 adiit
1229 3060 1385 3171 frictio,
1425 3084 1554 3150 tameo·
1582 3064 1739 3151 effeetn
1771 3067 1915 3153 virium
1950 3062 2073 3151 olel

802 3193 966 3279 nntium
996 3191 1046 3273 ab
1077 3214 1122 3272 ea
1153 3188 1345 3299 afficitor,
1379 3210 1490 3303 atque
1520 3216 1571 3277 ro
1602 3194 1761 3307 quidem
1793 3199 1935 3303 modo,
1965 3216 2073 3307 quem
2176 3216 2177 3275 ς

797 3317 840 3401 iu
874 3318 1136 3430 applicatione
1182 3316 1368 3404 srid'iionis
1410 3322 1457 3405 ad
1489 3342 1694 3433 quaternos
1722 3324 1823 3409 casto
1853 3306 1948 3410 ante
1979 3322 2075 3409 stabi
2145 3358 2149 3367 ·

797 3442 890 3533 litos
922 3446 1082 3533 ostendi.
1149 3440 1301 3531 Deinde
1336 3472 1414 3531 non
1445 3450 1569 3553 minus
1600 3450 1651 3535 esi
1685 3454 1950 3563 paradoxon,
1978 3440 2077 3563 'qmd

796 3565 1015 3662 dummodo
1045 3570 1213 3657 adsuerit
1238 3578 1396 3681 attritos,
1426 3569 1501 3663 siue
1534 3578 1706 3665 insuerit
1738 3584 1877 3685 maior,
1896 3581 1978 3671 siue
2012 3582 2078 3667 mi

796 3726 899 3807 nor,
938 3701 1066 3784 siidlio
1096 3702 1262 3785 eundem
1297 3710 1447 3812 semper
1478 3703 1657 3795 effessum
1689 3730 1856 3826 exerat,
1888 3728 2005 3821 atque
2034 3731 2083 3793 ex

797 3827 857 3917 lais
906 3826 1104 3939 principiis
1153 3829 1288 3916 omnia
1341 3828 1612 3941 phaenomena
1658 3857 1792 3925 motus
1822 3856 2084 3953 corporatur

796 3954 970 4050 maiore
1001 3956 1159 4085 oripnda
1189 3956 1372 4073 expedire
1399 3960 1500 4051 icet.
