4459 5925
798 469 896 563 aaa
1015 415 1846 565 annularentnaunraa

795 709 864 784 nes
895 713 959 799 gg
988 687 1056 775 fint
1088 682 1265 788 diuersae,
1301 682 1402 789 iique
1430 706 1526 789 aqua
1568 681 1829 793 repleantur,
1879 699 1968 769 tum
2017 712 2069 775 ex

794 818 1044 928 amplioribus
1093 814 1248 920 quidem
1296 834 1395 918 aqua,
1432 807 1590 915 effluet,
1638 832 1689 890 ex
1720 808 1944 896 arilioribns
1975 840 2066 901 vero

744 946 748 954 ’
793 950 926 1054 secus,
975 962 1125 1027 tantum
1174 942 1292 1048 igitur
1328 961 1425 1045 opus
1464 936 1547 1045 est,
1589 952 1640 1044 ¹ut
1692 936 1769 1017 eius
1807 938 1961 1046 tubuli,
2007 947 2065 1055 qui

798 1100 935 1183 nquam
969 1095 1047 1152 nnn
1070 1060 1242 1177 amplius
1271 1066 1404 1168 eiicrr,
1452 1063 1672 1174 amplitudo
1697 1088 1759 1171 gg
1810 1066 2063 1179 mensuretur,

796 1222 946 1326 eritque
977 1232 1061 1296 tum
1097 1196 1236 1317 aazia
1302 1214 1390 1317 llic¹
1417 1232 1541 1321 autem
1576 1212 1738 1295 effluaus
1770 1239 1881 1296 vetus
1915 1216 2063 1327 spestati

794 1343 941 1448 debet,
970 1362 1048 1451 quo
1080 1364 1177 1448 aqua
1209 1343 1393 1421 continuo
1425 1330 1543 1421 ttaei'u
1576 1338 1736 1448 effluit,
1789 1342 1814 1423 sa
1848 1345 1951 1427 euim
1981 1364 2062 1455 gut·

791 1475 905 1562 ratim
939 1490 1113 1563 tanttrm
1107 1469 1278 1569 deridit‚
1311 1469 1412 1551 idem
1449 1468 1535 1557 erit,
1566 1492 1609 1549 ac
1643 1467 1796 1577 sraqua
1827 1495 1905 1551 nnn
1937 1472 2059 1556 efflue-

790 1616 869 1688 ret
933 1595 1042 1687 Cum
1091 1599 1197 1719 enim
1246 1594 1373 1691 lritlio
1405 1596 1609 1685 demum
1600 1621 1638 1675 rn
1669 1620 1768 1677 vero
1796 1619 1908 1683 mom
1941 1599 2061 1685 cetat

792 1747 884 1830 tut,
925 1726 1103 1837 quamdiu
1134 1748 1229 1833 aqua
1257 1725 1431 1833 quietare,
1476 1728 1543 1812 ob
1567 1706 1798 1835 grauitatem
1831 1748 1960 1835 guttae
1987 1730 2058 1811 sen-

791 1858 867 1948 'sun
899 1854 1103 1950 auelleatut
1134 1879 1178 1947 ac
1226 1853 1431 1957 decident,
1475 1848 1516 1938 id
1566 1851 1670 1968 quod
1718 1850 1849 1939 alatro
1881 1856 2056 1967 impedire

797 2008 882 2073 noa
914 1984 1030 2072 ualet-

813 2153 840 2177 ··
940 2116 1019 2199 60
1082 2109 1193 2199 Pater
1236 2133 1334 2223 ergo
1378 2108 1634 2221 gracilitatem
1664 2060 1882 2195 lruimmodi
1914 2110 2077 2195 tabula?

790 2244 880 2333 ‘tram
894 2304 912 2351 ,
957 2239 1030 2347 qui
1074 2260 1215 2344 aquam
1261 2258 1515 2345 contentam,
1571 2238 1723 2325 etiamst
1774 2256 1946 2345 utrmque
1992 2239 2055 2325 fint

792 2368 955 2480 aperti,
987 2388 1069 2451 non
1098 2362 1258 2481 effluere
1290 2364 1427 2463 sariunt
1458 2371 1687 2475 apondere
1732 2361 2057 2477 atmolphaerael

750 2552 753 2558 ·
796 2498 996 2608 pendete,
1024 2494 1208 2622 qnoniam
1238 2492 1318 2581 hoc
1348 2496 1475 2579 euenit
1493 2490 1744 2609 ,lfig<u
1809 2490 1911 2577 Hinc
1959 2493 2054 2575 tide-

795 2649 897 2728 mus,
926 2624 966 2707 in
1000 2645 1151 2729 uacuo,
1184 2621 1252 2705 abi
1280 2614 1426 2729 Ζεο,
1458 2620 1546 2707 illus
1583 2624 1736 2706 tubulos
1763 2644 1897 2729 aquam
1931 2619 2055 2703 omni·
2176 2690 2177 2711 ,

793 2775 850 2835 no
882 2745 1112 2852 effundere,
1163 2747 1229 2833 nisa
1259 2768 1450 2856 quatenus,
1482 2750 1535 2829 ob
1565 2770 1772 2847 naturam,
1802 2772 1896 2855 quaa
1930 2748 2055 2831 tubulis

791 2876 1032 2986 capillaribus
1061 2876 1216 2988 propria
1249 2874 1334 2982 est,
1366 2902 1462 2985 aqua
1496 2876 1613 2964 iniis
1647 2884 1693 2959 ad
1728 2894 1869 2957 certam
1902 2876 2052 2959 altitudi-

792 3027 885 3090 nem
920 3007 1150 3106 retineatur,
1196 3003 1335 3114 reliqua
1380 3029 1508 3090 autem
1547 3029 1641 3113 aqua
1671 3003 1804 3086 effluet
1834 3000 1886 3084 in'
1911 3027 2052 3108 uacua,

733 3206 736 3212 ,
789 3133 952 3242 quaein
985 3156 1070 3216 aere
1103 3149 1461 3248 guttatrmtantum
1494 3133 1735 3218 decidebam·-

813 3363 818 3372 ,
943 3328 1019 3404 61.
1083 3318 1310 3407 Generatim
1350 3345 1477 3406 autem
1515 3325 1759 3432 intelligitur,
1806 3322 1860 3408 ob
1908 3307 2058 3436 ntelsrol

748 3527 755 3538 ,
793 3469 890 3537 nem
920 3450 1207 3554 armosplucrae
1239 3449 1422 3538 effluxum
1454 3467 1570 3560 aquae
1602 3453 1752 3561 semper
1782 3451 1991 3542 retardari,
2020 3465 2058 3534 et

792 3578 949 3685 quidem
984 3575 1202 3659 fridilonem
1236 3577 1345 3658 lruius
1377 3581 1634 3662 retardationis
1664 3581 1742 3664 elle
1774 3582 1950 3690 caulam:
2001 3579 2060 3660 ti·
2174 3601 2175 3628 ¹

789 3703 917 3786 dimus
948 3704 1052 3822 enim
1087 3699 1195 3826 (54),
1230 3731 1305 3814 quo
1335 3713 1467 3788 minor
1496 3707 1541 3790 srt
1574 3706 1708 3817 prellm
1731 3705 2012 3814 armnlphaerae
2035 3703 2061 3813 l,

789 3853 842 3916 eo
875 3830 1009 3911 maiori
1042 3833 1232 3920 reta-nare
1264 3858 1396 3940 aquam
1429 3837 1574 3919 exilire.
1641 3835 1785 3950 Quodsi
1803 3857 1898 3942 ergo
1925 3858 1947 3950 a
1979 3857 2060 3916 tan·

789 3955 826 4048 sa
877 3981 1090 4072 quacunque
1141 3957 1277 4070 prcllrn
1310 3961 1594 4071 atmosphrerae
1615 3963 1915 4063 imminuatur,
1966 3982 2060 4071 aqua

790 4083 961 4172 velocius
990 4109 1041 4172 ex
1075 4084 1158 4166 uase
1189 4087 1265 4175 effi
1269 4109 1346 4168 tet·
1337 4116 1506 4200 ,quam
1540 4113 1737 4198 propterea
1787 4088 1938 4174 causam
1990 4086 2061 4170 effe

790 4213 1010 4432 ἓῖκῐὶᾓίπῑο,
998 4217 1150 4328 ‚quod
1179 4219 1226 4304 ab
1258 4217 1435 4305 eleliricit
1438 4241 1497 4306 ate
1528 4215 1689 4308 effluxus
1717 4243 1833 4378 aquae
1861 4213 2064 4304 accelerari

900 4358 1018 4429 uetur
1094 4355 1100 4363 ’

1857 4545 1937 4624 62.
1952 4535 2072 4626 Prat-
