4459 5925
669 551 675 562 .
762 459 822 569 ‘re
885 481 968 572 nu
997 474 1421 578 montaniana.
1453 467 1987 576 ruomunnrmnrra
2021 603 2025 618 .

616 769 620 776 -
761 711 899 822 drata,
931 740 1097 826 qnorum
1129 713 1276 797 summa
1308 709 1417 796 neiat
1448 709 1629 824 septem,
1679 731 1801 795 nemo
1832 707 2047 814 dubitabit,

762 846 853 952 quin
886 843 979 927 haee
1012 843 1177 953 quaestio
1206 841 1501 927 indeterminatis
1533 842 1578 926 srt
1608 838 1867 944 accensenda,
1899 835 2048 921 etiamsi

760 971 941 1078 deinceps
989 972 1275 1078 inuestigatione
1325 971 1483 1076 perassa-
1527 967 1806 1079 impoffbilitas
1854 965 2050 1049 solutionis

765 1101 967 1183 manisello
997 1103 1035 1180 se
1068 1101 1221 1209 prodat.
1303 1097 1472 1211 Quando
1504 1101 1614 1208 igitur
1645 1095 1710 1179 hic
1743 1099 1791 1178 de
1829 1094 2053 1206 problema·

623 1318 627 1324 ,
767 1228 866 1308 tibus
905 1230 1206 1310 indeterminatis
1256 1228 1415 1308 traslare
1448 1227 1654 1329 constitui,
1700 1248 1796 1336 quae
1847 1225 2046 1334 plusquam

716 1348 720 1360 ’
763 1353 1016 1438 determinata
1049 1355 1281 1464 uideantur,
1323 1378 1371 1434 ne
1404 1356 1482 1464 quis
1515 1374 1621 1462 putet
1653 1352 1749 1436 haec
1780 1354 1943 1437 inuicem
1977 1377 2050 1460 pu·

763 1505 912 1589 gnare,
945 1479 1103 1590 fretique
1135 1507 1214 1564 non
1247 1479 1385 1590 posse,
1418 1504 1462 1565 vt
1493 1485 1594 1592 quod
1625 1481 1954 1564 indeterminatum
1982 1479 2049 1588 fit,

762 1609 868 1692 idern
901 1607 1130 1718 plusquam
1176 1609 1475 1692 determinatum
1527 1610 1648 1693 videri
1698 1627 1843 1719 queat,
1893 1607 2051 1691 inlliruti

625 1747 628 1751 ’
762 1737 953 1819 rationem
982 1737 1114 1823 clarina
1146 1738 1296 1844 exponi
1346 1759 1528 1846 oportere
1579 1739 1711 1820 sentio.
1803 1739 1866 1819 Ac
1918 1737 2049 1845 primo

616 1944 621 1962 ,
762 1867 920 1973 quidem
951 1863 1097 1949 nullum
1129 1865 1181 1948 est
1212 1865 1385 1972 dubium,
1419 1868 1510 1976 quin
1540 1866 1695 1950 cuilibet
1727 1867 1929 1976 quaestioni
1947 1863 2052 1948 Dio-

765 1991 981 2102 phantaeae
1026 1993 1216 2079 eiusmodi
1265 1991 1412 2101 insuper
1457 1997 1694 2078 conditiones
1732 1994 1843 2077 adiici
1878 2011 2049 2102 queant„

764 2120 900 2228 quibus
928 2146 974 2204 ea
1004 2147 1084 2206 nou
1118 2141 1200 2206 tam
1231 2121 1496 2230 determinata,
1526 2148 1640 2234 quam
1674 2119 1919 2230 impolsrbilrs
1969 2119 2054 2204 red'·

764 2244 889 2332 datur.
954 2248 1087 2336 Veluti
1121 2250 1160 2334 sr
1180 2249 1420 2362 quaestioni,
1449 2275 1523 2362 qua
1555 2253 1633 2336 duo
1667 2252 1846 2358 quadrata
1861 2253 2051 2361 petuntur,
2092 2291 2098 2298 -

764 2401 930 2485 quorum
964 2380 1113 2464 summa
1151 2381 1195 2462 lit
1241 2363 1498 2487 quadratum,
1542 2379 1698 2490 insuper
1736 2377 1832 2490 baec
1879 2377 2051 2460 conditio
2108 2465 2112 2470 ,

762 2503 989 2609 adiiciatur,
1035 2525 1079 2589 ut
1120 2505 1325 2590 eonrndenr
1358 2509 1627 2618 quadratorum
1662 2501 1887 2588 differentia
1902 2529 2053 2615 quoque

765 2630 811 2717 sn
834 2630 1097 2740 quadratum,
1147 2634 1346 2742 quaestio,
1393 2645 1491 2744 quae
1524 2633 1694 2750 primum
1743 2638 1826 2747 erat
1861 2636 2055 2746 'maxime

617 2759 625 2775 ‘
765 2759 1092 2853 indeterminata,
1124 2759 1195 2846 hac
1231 2770 1342 2846 unica
1374 2756 1594 2844 conditione
1626 2759 1803 2844 adiunsla
1833 2758 2055 2871 sitimpoe·
2131 2819 2136 2829 ,

766 2885 910 2997 sibilis,
959 2888 1126 3000 ideoque
1177 2891 1320 2973 merito
1362 2915 1435 3003 pro
1470 2889 1664 3001 plusquam
1699 2891 1952 2975 determinata
1983 2890 2062 2977 lra.

766 3015 892 3101 betur.
974 3011 1101 3101 Simili
1139 3020 1264 3105 modo
1294 3021 1364 3105 tria
1399 3020 1576 3131 quadrata
1608 3041 1784 3130 quaerere
1814 3022 1854 3103 in
1881 3044 2056 3131 progres-

768 3144 873 3259 sione
900 3144 1145 3231 arithmetica
1176 3144 1374 3255 problema
1405 3149 1459 3232 est
1491 3148 1822 3239 indeterminatum
1853 3167 1891 3231 et
1939 3150 2058 3234 innu-

675 3297 679 3304 ‘
768 3272 971 3359 merabiles
1004 3273 1207 3362 solutiones
1232 3278 1466 3383 admittens,
1515 3277 1640 3364 statim
1674 3300 1770 3391 vero
1802 3301 1848 3361 ae
1893 3286 2057 3386 quatuor

768 3401 950 3511 quadrata
979 3404 1017 3484 in
1048 3403 1289 3489 aritlnnetica
1321 3386 1583 3517 progressroue
1623 3403 1883 3513 requiruntur,
1899 3406 2057 3516 proble-

769 3552 835 3614 ma
868 3553 950 3613 non
980 3532 1277 3643 determinatur,
1310 3532 1371 3621 sed
1403 3532 1551 3646 prorsus
1581 3532 1627 3630 fit
1658 3534 1884 3647 impossibile
1914 3554 1954 3621 et
1970 3534 2057 3649 plus

767 3679 886 3769 quam
919 3651 1234 3743 determinatum.
1480 3652 1483 3659 ’
1674 3768 1678 3773 ¹
1986 3662 1987 3667 '

920 3782 989 3871 Ex
1037 3784 1098 3869 his
1126 3786 1318 3897 exemplis
1349 3786 1584 3873 manifestum
1619 3788 1673 3875 est
1701 3790 1975 3901 quaestionem·
1994 3793 2059 3878 in·

769 3905 1065 4000 determinatam
1097 3938 1168 4024 per
1196 3917 1429 4001 additionem
1478 3920 1614 4005 unicae
1670 3922 1901 4006 conditionis
1949 3920 2060 4009 reddi

728 4030 876 4153 ‘posse
908 4039 991 4153 plus
1038 4067 1160 4157 quam
1211 4044 1531 4153 determinatam,
1555 4048 1717 4159 ideoque
1766 4050 2058 4160 impossibilem.

675 4156 679 4168 ’
715 4182 721 4201 ’
769 4166 824 4256 Ε
857 4171 1052 4262 contrario
1101 4196 1199 4275 uero
1231 4173 1369 4259 dantur
1399 4176 1586 4263 eiusmodi
1614 4202 1767 4291 quoque
1796 4180 2060 4290 quaestiones,

690 4326 694 4333 ·
769 4319 868 4411 quae
896 4296 975 4385 iam
1031 4320 1093 4385 tot
1137 4300 1381 4425 conditiones'
1426 4306 1651 4422 continent,
1698 4326 1744 4391 rt
1793 4308 1905 4393 rnica
1955 4330 2059 4393 nona

767 4426 992 4518 conditione
1005 4428 1126 4554 super·
1144 4430 1290 4547 addita,
1308 4435 1394 4552 pari
1410 4434 1503 4549 inre,
1519 4460 1564 4540 ae
1582 4456 1930 4545 commemoratae,
1953 4437 2059 4547 plus·

1934 4588 2055 4683 quam
