4459 5925
774 483 866 583 ηε
948 471 952 478 ’
1107 477 1209 566 nr
1272 457 1739 620 susurronis
1832 483 1845 532 ··

924 709 971 786 6.
998 699 1108 786 Inter
1139 701 1240 787 hanc
1272 725 1400 790 autern
1452 701 1641 787 infinitam
1687 702 1916 786 uanetatem
1976 718 2084 820 tres¹

764 829 977 950 positiones
1002 832 1207 944 primariae
1237 855 1328 940 prae
1375 831 1523 939 reliquis
1568 830 1651 914 sunt
1694 847 1832 912 notatu
1878 831 2047 940 dignae,

769 979 931 1076 quarum
976 957 1102 1072 prima
1152 959 1205 1044 est
1254 961 1420 1060 eadem,
1469 981 1587 1066 quam
1639 958 1762 1038 modo
1792 957 1927 1064 primo
1957 959 2045 1040 loco

773 1087 1046 1194 exposuimus,
1098 1087 1251 1193 quando
1287 1083 1429 1166 scilicet
1466 1086 1545 1164 axis
1564 1083 1775 1165 ‘sunnonis
1806 1083 1851 1163 ad
1884 1081 2043 1192 plantnn

768 1205 910 1295 AOD
938 1209 994 1294 est
1032 1209 1247 1312 normalis,
1294 1211 1359 1318 qui
1406 1207 1508 1290 casus
1555 1210 1594 1289 in
1642 1209 1825 1320 plerisque
1859 1211 2046 1294 *motibus

768 1337 907 1422 mixtis
933 1333 1065 1424 locum
1100 1329 1237 1416 habete
1266 1332 1370 1416 solet.
1422 1333 1596 1417 Secunda
1628 1333 1770 1444 politio
1793 1335 1975 1444 primaria
1991 1340 2046 1420 eu

767 1464 920 1575 quamdo
949 1483 1086 1576 corpus
1110 1461 1211 1542 eirca
1239 1481 1355 1544 axem
1388 1459 1482 1544 OD
1516 1483 1607 1543 curn
1656 1459 1867 1544 similione
1915 1481 2049 1547 motus

653 1584 655 1593 '
766 1587 987 1700 progressius
1017 1586 1294 1698 conspirantem
1330 1605 1501 1686 rotatur,
1531 1609 1611 1696 quo
1638 1584 1722 1698 casu
1750 1589 1811 1669 uti
1842 1587 1883 1670 in
1911 1590 2045 1697 primo

770 1717 857 1797 axis
887 1714 1091 1798 rotationis
1109 1715 1240 1824 plano,
1273 1713 1378 1826 super
1394 1737 1473 1822 quo
1503 1714 1734 1819 fat-motus,
1749 1713 1807 1796 eil
1834 1715 2043 1823 parallelas.
2128 1785 2132 1793 .

694 1884 699 1890 ·
768 1839 903 1929 Tertia
936 1841 1076 1952 pofitio
1105 1829 1186 1922 arria
1217 1841 1427 1957 principalis
1456 1839 1694 1923 constituatur
1710 1876 1737 1942 ,·
1774 1839 1929 1949 qnando
1957 1864 2044 1924 cor·

769 1990 842 2079 pus
874 1964 973 2052 circa
1003 1990 1120 2051 axem
1150 1953 1311 2050 CA'ad
1362 1966 1512 2074 planum
1563 1966 1637 2051 EF
1683 1967 2043 2074 perpendicularem

767 2111 927 2179 rotatur.
1019 2078 1243 2212 Qtauquam
1292 2085 1428 2174 autem'
1472 2091 1544 2176 liae
1591 2111 1670 2175 tres
1707 2092 1920 2202 positiones
1945 2085 2043 2176 iuter

766 2218 932 2304 infinitas
975 2217 1060 2308 sunt
1089 2217 1259 2321 clasiae,
1299 2209 1442 2303 ”tamen
1470 2220 1500 2302 fi
1531 2217 1749 2304 frictionem
1777 2243 1857 2328 pro
1883 2221 1936 2304 iis
1960 2240 2040 2302 tau·

765 2361 851 2429 tum
885 2343 1063 2453 assignare
1092 2343 1361 2453 potuerimus,
1410 2344 1558 2429 nullum
1613 2345 1667 2430 eil
1714 2346 1870 2430 dublum
1887 2411 1907 2452 ,
1945 2349 2040 2458 quin

765 2469 854 2556 iude
889 2495 961 2572 pro
990 2469 1159 2584 qualibet
1189 2472 1271 2553 axia
1302 2469 1494 2580 positione
1523 2473 1677 2582 obliqua
1706 2471 2042 2557 immittimus

763 2598 1012 2705 quantitatem
1046 2597 1226 2706 coligere
1256 2598 1459 2682 valeamus.
1529 2601 1589 2682 Ae
1624 2601 1748 2707 prima
1779 2601 1931 2709 qtridem
1966 2627 2038 2710 po-

763 2721 850 2810 fitlo
877 2723 952 2808 sola
986 2725 1065 2807 lam
1096 2743 1248 2807 tantum
1291 2713 1582 2835 intrefflgatiouis
1630 2741 1810 2833 campum
1860 2729 2038 2838 comple·

610 2875 624 2938 ’.
765 2847 920 2953 nitur,
960 2867 1029 2935 'ut
1078 2849 1289 2965 plurimum
1324 2853 1375 2933 'is
1420 2849 1640 2958 praestitisse
1689 2853 1865 2938 uideatur.
1895 2878 1922 2958 ,¹
1973 2855 2042 2965 qui
2180 2844 2184 2855 '

765 2998 906 3061 omnes
935 2980 1035 3061 cassu
1067 2978 1107 3065 ln
1136 3000 1188 3059 eo
1218 2996 1415 3060 cmtenros
1439 2978 1511 3060 rite
1540 2976 1735 3062 moluerit.
2180 2967 2187 3014 ³

906 3124 954 3203 ·7.
990 3102 1171 3189 Posuioni
1202 3126 1298 3212 ergo
1325 3104 1474 3212 primae
1505 3102 1733 3209 utbaurans,
1769 3128 1842 3213 apra
1871 3104 2038 3214 globum
2176 3029 2189 3156 ⁸

668 3306 672 3313 .
761 3228 1009 3312 circensem
1037 3230 1085 3313 ad
1115 3230 1271 3343 planum
1305 3226 1448 3313 AOD
1474 3234 1688 3315 normalem
1722 3233 1837 3314 rotari
1867 3232 2041 3325 affirmo,

760 3356 947 3465 primum
968 3354 1128 3463 obsertto
1158 3354 1206 3437 ad
1239 3378 1323 3439 eam
1358 3380 1438 3437 non
1468 3354 1587 3437 solum
1621 3354 1802 3464 molium,
1833 3356 1897 3443 sed
1919 3380 2041 3469 quae·

756 3480 822 3563 nls
870 3480 1033 3591 tor'pora
1080 3483 1273 3587 rotunda,
1321 3508 1420 3593 quae
1455 3508 1493 3565 a·
1509 3481 1628 3591 plano
1651 3474 1843 3567 ABCD
1869 3485 1920 3579 iu¹
1945 3486 2047 3571 dms

763 3624 892 3721 partes
921 3605 1060 3693 similes
1090 3594 1135 3691 et'
1162 3609 1327 3719 aequales
1357 3608 1617 3707 dirimantur,
1651 3610 1844 3721 suumque
1871 3612 2048 3721 garnita·
2199 3674 2200 3726 ,

763 3731 814 3813 tls
844 3754 1016 3819 ceutmrn
1052 3736 1090 3816 ln
1122 3734 1268 3843 pundo
1296 3734 1359 3838 0,
1389 3738 1491 3845 quod
1523 3732 1633 3817 sanius
1662 3734 1716 3829 eil
1763 3754 1941 3834 centrum
1991 3738 2048 3825 fr-

761 3881 900 3969 gurae,
931 3854 1093 3942 habeant
1125 3860 1304 3973 positum,
1335 3852 1412 3944 usse
1439 3860 1760 3963 accommodata,
1791 3862 1846 3947 ita
1877 3882 1925 3947 vt
1951 3869 2055 3951 axis

761 3986 959 4068 rotationis
985 3985 1095 4069 simol
1125 3986 1168 4069 ss't
1195 4006 1326 4071 uorum
1360 3988 1453 4094 axis,
1484 3990 1581 4071 circa
1613 3988 1718 4069 cuius
1740 3990 2055 4077 conuerstonem

760 4106 832 4190 fint
862 4130 961 4196 uara.
1001 4111 1109 4196 Talia
1129 4120 1225 4220 ergo
1243 4136 1403 4221 corpora
1425 4132 1574 4223 praeter
1589 4112 1746 4221 globum
1763 4114 1845 4200 stant
1871 4116 2060 4222 cylindri
2198 4166 2199 4205 l

570 4266 652 4345 opp,
674 4273 730 4352 m·
759 4234 871 4341 feeit,
901 4254 942 4319 et
972 4240 1122 4345 qnaeris
1153 4260 1317 4349 corpora
1345 4236 1630 4351 sphaemidica,
1662 4265 1754 4351 quae
1784 4240 1984 4345 oriamur,
2024 4248 2065 4335 fi
2198 4232 2199 4259 ¹

598 4368 674 4471 rig.
697 4402 731 4451 2.
759 4358 881 4476 figura
906 4386 1148 4483 quaerunque
1178 4356 1311 4473 Gerr
1356 4366 1544 4490 diametro
1590 4358 1676 4491 9C
1723 4370 1904 4497 praedira,
1936 4374 2068 4461 ciret

1253 4538 1255 4547 ⁴
1918 4520 2072 4598 &em
