4459 5925
773 399 910 593 ,ψ’
1102 477 1205 572 nn
1269 468 1734 621 rurorronr

673 707 702 736 ”
776 708 970 799 ratritibus
1024 708 1269 796 determinari
1328 706 1493 792 debeat:
1551 721 1665 815 atque
1722 698 1815 786 hinc
1873 697 2056 790 fridtionit

777 837 932 926 amau
978 838 1153 924 maxime
1199 859 1222 920 a
1272 834 1472 920 resistentia
1523 829 1731 916 fluidorum
1778 829 1937 940 aliique
1976 829 2052 916 resr-

654 1014 658 1022 1
778 967 933 1052 stentiae
962 971 1163 1078 generibus
1193 965 1408 1074 discrepat,
1449 956 1553 1070 quod
1578 957 1656 1046 hae
1686 957 1917 1046 refilicntiae
1949 960 2055 1044 unice

778 1093 927 1193 ostatu
948 1095 1088 1178 ‘mutua
1118 1099 1326 1202 corporum
1358 1093 1561 1199 pendeant.

936 1246 958 1300 a
965 1246 1010 1321 9.
1042 1222 1160 1332 Quod
1194 1236 1324 1302 autern
1359 1216 1485 1326 frrstio
1521 1237 1544 1298 a
1593 1211 1738 1298 riribtn
1782 1207 2060 1328 sollicitantibtn

779 1345 1016 1458 potissimum
1066 1345 1257 1454 pendeat,
1301 1365 1355 1458 eac
1398 1345 1482 1454 ipso
1529 1341 1625 1426 statu
1673 1339 1814 1451 quietio
1858 1341 2062 1428 luculenter

778 1471 1016 1585 perspicitur.
1077 1467 1120 1573 Si
1153 1475 1259 1554 enim
1288 1493 1427 1579 corpus
1458 1467 1577 1578 piam
1606 1465 1835 1554 horizontali
1859 1471 2062 1578 incumbat,

778 1598 966 1710 nullisque
997 1601 1142 1684 uiribus
1171 1598 1216 1682 ad
1251 1618 1407 1682 motum
1448 1597 1703 1703 sollicitetur,
1746 1596 1870 1680 nullan
1915 1598 2060 1708 qaoque
2185 1649 2192 1692 ,ᾗ

777 1728 978 1811 ίῐίἃίοηίε“
1002 1731 1173 1810 cernitur
1199 1722 1389 1835 eneam
1437 1726 1496 1809 srn
1529 1745 1661 1810 autent
1694 1723 1775 1807 hoc
1802 1746 1946 1835 corpus·
1972 1747 2056 1834 pro*
2185 1717 2192 1741 ''

778 1852 950 1938 trabatur
996 1879 1021 1937 a
1070 1856 1149 1957 ti,
1196 1857 1293 1965 quae
1342 1853 1562 1936 fridilonem
1595 1852 1766 1960 superare
1794 1877 1878 1934 non
1905 1851 2062 1960 valeat,

778 2005 920 2091 corpus
948 1981 1066 2066 etiam
1099 2003 1200 2064 nuuc
1232 1967 1429 2090 quiescet3
1477 1982 1580 2064 vnde
1607 1977 1685 2061 boc
1717 1973 1799 2061 casu
1834 1979 1971 2063 frictio
1996 1999 2057 2065 ern
2185 1964 2190 1985 '

781 2110 854 2191 erit
886 2106 1005 2216 rim,
1036 2108 1080 2191 ri
1113 2105 1347 2218 protrahenti
1379 2103 1577 2216 aequalem
1609 2123 1648 2192 et
1677 2108 1937 2214 contrariam,
1962 2111 2063 2192 unde

783 2251 915 2344 patet,
945 2234 1033 2319 rim
1063 2259 1088 2318 a
1116 2235 1297 2318 frictione
1326 2255 1500 2318 exertam
1531 2233 1670 2344 perse
1711 2257 1794 2316 non
1822 2235 1901 2318 esse
1945 2237 2063 2321 deren

772 2365 1011 2458 minatam,
1057 2357 1121 2444 sed
1156 2361 1315 2446 demam
1345 2359 1530 2470 pervim
1560 2353 1856 2470 protrahentem.
1884 2362 2067 2448 determi-

784 2485 899 2593 nari,
927 2482 1114 2598 liquidem
1146 2513 1194 2595 ea
1219 2487 1329 2573 suerit
1359 2488 1514 2593 minor,
1545 2512 1664 2597 quam
1693 2508 1777 2572 tota
1804 2486 1970 2596 salcido,
1997 2511 2066 2600 qna

787 2614 828 2697 se
858 2617 980 2698 motui
1011 2617 1214 2730 opponit;
1263 2638 1317 2698 ex
1358 2637 1437 2725 quo
1480 2611 1544 2698 hia
1591 2610 1733 2699 cafibus
1778 2641 1870 2726 pars-
1915 2637 2064 2702 tanum

782 2737 969 2824 dictionis
1016 2739 1199 2829 cist-dium
1247 2741 1435 2850 praestare
1485 2741 1540 2826 est
1570 2737 1769 2828 ceostnda.
1863 2743 1924 2827 At
1953 2746 1983 2830 fi
2015 2748 2069 2830 rit
2200 2805 2201 2808 κ

782 2865 1012 2977 protrahens
1040 2864 1207 2953 dictioni
1239 2869 1306 2953 vel
1336 2864 1446 2952 fauent
1473 2869 1651 2981 aequalis,
1682 2870 1746 2954 vel
1766 2893 1811 2954 ea
1829 2877 1975 2981 maior,
1990 2891 2066 2958 tota
2125 2873 2129 2880 ’

783 2992 913 3079 sridbo
946 2996 981 3078 se
1013 2996 1050 3078 se
1081 2999 1163 3081 eiua
1191 2996 1337 3081 odiloni
1380 3002 1580 3109 opponit,
1624 3018 1666 3081 et
1698 2998 1764 3082 illo
1797 3002 1956 3109 quidem
1988 2998 2068 3085 cast

784 3144 926 3228 corpur
955 3126 1075 3210 etiam
1108 3147 1211 3207 nunc
1239 3124 1457 3233 quiescet,
1504 3124 1581 3210 hoc
1629 3148 1729 3209 vero
1776 3129 2068 3235 promerebitur

787 3249 947 3333 excelsu
975 3258 1038 3348 rra
1066 3251 1303 3336 sollicitantis
1328 3256 1433 3362 supra
1463 3249 1681 3337 fridilonem
1714 3272 1857 3337 totam.
1919 3254 2067 3369 Quem·

784 3370 1001 3462 admodum
1049 3377 1163 3487 igitur
1211 3402 1354 3489 corpus
1405 3378 1578 3465 dictione
1627 3381 1876 3489 impeditum,
1923 3382 2069 3467 ellan

784 3503 924 3610 quietis
975 3502 1023 3587 ad
1073 3524 1228 3625 monam
1279 3506 1496 3591 concitetur
1540 3530 1564 3590 a
1611 3504 1756 3591 uiribus
1794 3508 2068 3619 quibuscunque

784 3611 1101 3737 sollicitantibus,
1130 3653 1221 3715 ante
1251 3636 1464 3719 accuratius
1491 3634 1565 3718 etit
1596 3634 1922 3747 inuestigandum,
1955 3660 2069 3747 qnatn

697 3798 702 3807 ·
757 3755 835 3841 -ttd
867 3756 945 3841 eius
976 3756 1158 3841 effectum
1192 3762 1231 3843 in
1265 3782 1374 3845 motu
1407 3761 1686 3871 explorandum
1719 3762 2024 3872 progrediamur.

940 3909 1015 3986 30.
1049 3882 1197 3969 Verum
1230 3884 1259 3970 sl
1287 3912 1428 3997 corpus
1455 3892 1573 3998 plano
1603 3890 1823 3973 incumbent
1861 3915 1887 3977 a
1937 3886 2078 3974 ritibus

786 4005 1067 4121 quibuscunque
1099 4012 1337 4121 sollicitetur,
1372 4034 1529 4127 quatuor
1563 4014 1662 4101 casua
1690 4015 1851 4101 exiliere
1867 4019 2040 4127 poliunt:

904 4133 937 4217 1.
973 4137 1048 4221 Vel
1080 4133 1187 4223 enir'n
1222 4142 1357 4251 primo
1388 4166 1527 4251 corpus
1558 4145 1598 4225 in
1634 4144 1760 4252 quiete
1787 4149 1955 4229 omuino
1982 4168 2082 4253 pet·

786 4256 958 4370 seuerat,
1006 4266 1113 4349 dum·
1150 4270 1251 4370 vires
1310 4268 1547 4353 sollicitantes
1578 4294 1697 4379 neque
1730 4274 1886 4383 corpori
1918 4294 2086 4361 motum

788 4388 1045 4506 buprlmete,
1078 4418 1196 4512 neque
1227 4392 1447 4485 fridilonem
1480 4403 1652 4514 superare
1685 4400 1824 4488 ualent.

1906 4520 1963 4613 11.
1994 4520 2102 4617 Vei
