4459 5925
430 566 434 573 .
524 493 884 601 1N'SOLE
945 508 1199 605 ΗΜ.
1407 538 1505 637 337

208 768 343 845 eutem
392 769 483 833 cum
522 732 593 825 Sol
641 741 719 823 iam
772 740 820 826 nd
851 743 1109 830 meridianum
1144 750 1504 869 appropinquaret,

209 906 255 969 et
283 882 370 963 rude
421 866 525 955 error
560 882 577 969 ξ
610 868 755 954 secundi
802 878 988 979 temporis
1040 877 1080 959 in
1134 903 1246 961 mora
1295 878 1408 967 Solis·
1430 916 1502 997 pet

172 1012 325 1098 ’filum
359 1000 566 1104 verticale,
616 1000 643 1085 fi
694 997 815 1082 forsan
865 1008 1047 1109 duretur,
1097 1010 1292 1096 eximium
1324 1038 1500 1105 errorem

208 1142 256 1226 in
285 1130 570 1221 construetione
604 1128 800 1239 positionis
827 1132 951 1213 diurni
987 1135 1195 1239 producere
1229 1139 1396 1239 ualeret,
1430 1142 1505 1230 m·'

211 1270 347 1380 guium
379 1263 506 1347 diurni
539 1282 628 1369 curn
671 1258 842 1341 verticuli
873 1263 1050 1360 (2650.
1087 1258 1193 1379 μ’.)
1244 1284 1285 1350 et
1340 1294 1499 1371 morum

213 1398 320 1480 istam
354 1390 551 1503 (2:291.
589 1408 688 1499 part.
722 1386 825 1495 scal.)
858 1389 1005 1473 calculo
1036 1392 1219 1500 indagare
1249 1416 1292 1479 et
1322 1400 1503 1485 adhibere

215 1523 377 1635 plrcuit.

353 1646 565 1732 Methodus
595 1640 661 1737 iiii
699 1643 932 1755 positionem
978 1644 1186 1731 definiendi
1218 1650 1325 1760 supra
1361 1658 1496 1746 traditu

175 1770 425 1887 'supponit‚
478 1774 712 1859 Mercurium
764 1770 923 1857 durante
965 1776 1118 1857 trunsrtu
1150 1786 1221 1883 per'
1254 1779 1316 1861 filu
1351 1786 1498 1871 reticuli

209 1902 347 1987 locum
393 1904 497 1987 suum
549 1904 587 1984 in
633 1900 738 1982 disco
768 1894 871 1979 Solis
905 1925 982 1981 non
1018 1904 1201 2003 rnuraffe,
1250 1911 1355 2013 quod
1406 1939 1500 2000 cum

208 2034 342 2141 rigore
375 2032 521 2117 fuitum
553 2052 631 2109 non
665 2025 722 2123 snt,
753 2022 862 2107 huius
879 2028 932 2107 rei
966 2030 1164 2110 rationem
1200 2027 1343 2113 habere
1376 2015 1501 2145 opurss
1588 2048 1591 2052 ’

155 2200 162 2209 -
207 2180 281 2241 ret.
350 2150 592 2244 Manifestum
634 2176 763 2238 nutem
794 2152 850 2235 est
870 2220 894 2274 ,Δ
928 2156 1059 2265 quod,
1109 2157 1138 2239 ss
1183 2156 1397 2243 Mercurius
1428 2188 1502 2248 eo·

206 2289 301 2371 dem
336 2290 504 2391 instanti,
535 2288 583 2369 ud
617 2304 828 2390 utrumque
859 2281 997 2387 filum,
1032 2282 1276 2371 horizontaie
1298 2286 1441 2373 scilicet
1458 2310 1499 2380 et

205 2418 422 2519 verriculo,
457 2406 698 2522 appulisset.
726 2408 822 2507 vel,
873 2413 978 2523 quod
1008 2413 1059 2497 ad
1089 2414 1197 2496 idem
1226 2418 1354 2524 redit,
1406 2416 1499 2504 filo·

206 2568 296 2627 rum
331 2542 635 2627 intersedironem
671 2540 819 2649 semper
849 2538 1072 2642 traiecisset,
1113 2542 1212 2625 nullo
1248 2544 1497 2633 correctione

206 2672 263 2757 ob
297 2694 489 2755 mutatum
523 2666 750 2761 §iiloeum
786 2692 883 2775 opus
916 2670 993 2774 srt,
1042 2669 1103 2751 sed
1145 2666 1191 2752 ad
1226 2676 1348 2783 ipium
1385 2692 1496 2759 tran·

207 2801 295 2885 fitus
329 2825 398 2908 per
431 2798 588 2881 filorum
640 2794 945 2880 intersedionem
997 2808 1246 2882 momentum
1286 2802 1391 2884 locus
1429 2802 1497 2898 itii

206 2928 335 3012 referri
369 2928 519 3010 debeat.
585 2923 721 3008 Omne
749 2926 867 3036 'igitur
898 2923 1134 3014 discrimen,
1181 2931 1282 3038 quod
1326 2952 1377 3010 err
1407 2957 1494 3018 mu·

207 3061 355 3140 tutione
405 3054 481 3136 ioci
519 3077 718 3162 emergere
761 3051 920 3162 potest,
990 3053 1124 3135 recidit
1176 3057 1216 3138 in
1251 3056 1494 3144 interuallum

206 3187 395 3290 temporis
445 3183 542 3263 inter
582 3181 751 3286 appulsus
783 3180 846 3272 dii
881 3181 928 3263 ad
959 3180 1208 3262 horizontale
1239 3204 1280 3266 et
1314 3186 1491 3272 verticaie

207 3311 357 3419 filum3
391 3307 507 3418 quod,
540 3305 566 3388 sn
601 3307 784 3412 exiguum
817 3305 874 3407 fit,
906 3333 1075 3388 errorem
1112 3307 1322 3393 senfibilem
1358 3311 1492 3397 effice·

206 3464 250 3523 re
284 3437 424 3547 nequit.
488 3433 595 3516 Pone
642 3433 751 3514 enim
802 3433 1041 3516 interuallum
1076 3435 1166 3518 issud
1215 3437 1367 3546 aequale
1421 3439 1489 3523 uni

207 3567 364 3653 minuto
395 3564 521 3674 primo
554 3563 761 3670 temporis,
793 3575 833 3642 et
866 3559 1136 3668 Mercurium,
1170 3584 1332 3647 numero
1361 3567 1509 3649 rotun?

206 3695 291 3802 do,
324 3697 420 3777 intra
455 3705 498 3778 8.
530 3689 644 3773 horas
675 3687 907 3770 diametrum
943 3687 1077 3794 Solis,
1130 3692 1190 3775 seu
1224 3715 1326 3794 531.
1361 3713 1489 3803 partes

205 3821 344 3920 scolae,
380 3843 613 3933 pemgrure3
664 3818 822 3902 variano
853 3817 928 3902 loci
951 3820 1128 3900 .circiter
1164 3833 1205 3926 13
1235 3843 1331 3932 part.
1375 3823 1493 3908 scalae

205 3951 420 4056 conficiet,
472 3951 530 4032 seu
581 3971 752 4032 errorem
804 3947 842 4028 in
893 3945 1155 4028 obseruatione
1208 3962 1288 4056 εξ
1340 3953 1490 4042 secundi

207 4079 400 4192 temporis
433 4079 649 4187 producet.
680 4076 743 4188 qui
776 4097 864 4160 raro
916 4074 955 4158 in
1004 4075 1084 4158 eius
1117 4079 1225 4162 modi
1257 4077 1488 4165 obseruatio·

207 4209 317 4292 nibus
348 4207 483 4290 euitnri
517 4204 654 4316 potest.

297 4361 302 4366 ·
345 4335 417 4419 His
467 4336 518 4418 ita
566 4333 772 4419 constitutis
813 4331 855 4417 in
906 4333 1226 4420 obscurationibus
1257 4337 1483 4421 memoratis

204 4463 246 4552 id
274 4461 429 4552 efficere
459 4463 678 4576 allnbottui,
719 4481 793 4571 ut,
833 4481 1015 4568 quantum
1042 4463 1134 4548 'fieri
1167 4467 1292 4578 putuit
1307 4530 1320 4576 ,
1362 4469 1485 4550 inter-

831 4589 911 4675 Aa
942 4615 1062 4695 aaa
1395 4592 1479 4679 val.
