4459 5925
533 651 538 659 ·
799 604 892 694 472
1087 502 1771 668 oussuuuatouas

806 811 1029 925 gestibusque
1060 793 1363 915 frequentiffimis
1391 791 1555 903 stipata,
1594 778 1714 895 qualis
1742 773 1822 861 hoc
1855 776 1951 861 anni
1985 796 2083 862 tem.

803 965 902 1051 pore
935 943 976 1024 in
1007 937 1150 1025 Sibirla
1182 955 1203 1013 a
1235 923 1393 1011 nemine
1443 919 1565 1001 adhuc
1615 908 1752 995 audita.
1833 904 1927 989 Post
1973 910 2081 990 meri,

803 1068 912 1156 diem
952 1070 1023 1152 nix
1054 1057 1218 1159 cecidit,
1269 1050 1458 1135 saeuiente·
1485 1062 1608 1129 uento
1659 1052 1861 1146 perpetuo.
1942 1029 2080 1121 Diebus

803 1195 1038 1303 sequentibus
1072 1214 1128 1291 19
1161 1206 1203 1269 et
1238 1204 1293 1263 ao
1328 1190 1514 1289 perpetua
1547 1185 1627 1253 erat
1662 1162 1828 1276 procella
1864 1186 1955 1245 mam
1992 1163 2080 1245 uiui·

805 1321 874 1403 bus
899 1320 1086 1433 copiosas,
1119 1314 1178 1399 sed
1208 1311 1248 1395 d.
1280 1332 1332 1386 21
1366 1302 1521 1389 coelum
1553 1294 1790 1377 serenabatur
1818 1305 1859 1372 et
1887 1289 1939 1371 ad
1969 1288 2077 1375 finem

805 1470 922 1555 usque
953 1447 1091 1533 menfis
1121 1443 1201 1529 dies
1231 1453 1338 1523 etant
1368 1432 1465 1515 adeo
1496 1422 1665 1536 placidi,
1708 1418 1827 1528 tepidi
1858 1440 1905 1501 ac
1939 1413 2072 1525 sereni,

805 1578 870 1684 quai
901 1602 993 1665 cum
1043 1566 1314 1659 amoenissimis
1361 1561 1462 1647 setis
1508 1552 1637 1637 diebus
1686 1566 1826 1631 certate
1873 1564 2073 1659 potuerunt.

806 1839 811 1845 ¹
957 1802 1214 1912 Reliquorum
1267 1786 1456 1875 mendum
1503 1790 1613 1877 liuius
1664 1786 1750 1871 anni
1811 1802 1942 1887 1740,
1989 1782 2075 1867 scili<

810 1958 875 2027 cet
924 1932 1152 2033 Octobris,
1204 1917 1490 2023 Nouembris,
1540 1914 1768 2001 Decembris
1816 1913 2077 1998 obseruationes

812 2070 852 2155 Τ
854 2065 956 2154 omli
982 2058 1173 2147 institutae
1202 2044 1313 2156 sunt,
1356 2061 1397 2129 et
1444 2043 1787 2131 thetmometricae
1829 2039 1944 2129 malias
1984 2040 2075 2125 inci·

811 2214 938 2311 psont.

963 2394 1112 2487 Mensis
1139 2386 1325 2479 Odobtis
1340 2387 1519 2473 maxima
1534 2382 1743 2473 barometri
1758 2380 1918 2469 altitudo
1945 2392 2010 2469 at.
2025 2398 2069 2483 ας

810 2536 853 2621 d.
889 2552 959 2637 17.
989 2531 1029 2614 h.
1068 2549 1139 2605 11.
1175 2546 1215 2629 p.
1248 2542 1306 2601 m.
1340 2538 1457 2599 tento
1484 2512 1615 2623 SOt,
1649 2515 1903 2625 praecedente
1925 2511 2074 2613 malacia,

796 2661 852 2752 'ct
865 2661 1041 2771 sequente
1066 2668 1186 2737 uento
1216 2642 1343 2731 OSO
1359 2669 1398 2725 1.
1463 2642 1641 2729 Altitudo
1670 2641 1898 2727 antecedens
1931 2652 1998 2725 28.
2017 2662 2076 2743 24,

713 2819 717 2828 ¹
808 2795 1069 2898 sequentes.
1109 2788 1182 2877 18,
1215 2772 1547 2857 thermometrum
1584 2778 1685 2877 168,
1717 2769 1872 2855 coelum
1924 2768 2073 2851 serenum

812 2932 929 3000 etant.
994 2907 1147 2996 Crullae
1187 2899 1359 3012 glaciales
1396 2916 1484 2984 toto
1515 2896 1592 2986 hoc
1621 2900 1683 2983 die
1715 2922 1785 3009 per
1817 2894 1989 2981 Tomum
2017 2892 2074 2975 llu-

714 3073 721 3080 ·
813 3045 923 3128 tium
973 3040 1072 3124 latae
1119 3032 1234 3133 sunt,
1285 3045 1324 3110 et
1354 3054 1470 3139 aquae
1500 3029 1624 3112 Tomi
1655 3029 1733 3112 iam
1767 3049 1790 3108 a
1820 3023 1936 3107 tribus
1963 3021 2077 3105 diebus

819 3166 1031 3254 admmodu
1069 3163 1314 3245 lncreuerant.
1396 3154 1567 3240 Minima
1603 3175 1754 3258 27.4a
1789 3153 1828 3235 d.
1870 3175 1925 3252 29
1971 3149 2008 3234 h.
2038 3155 2071 3226 8.

815 3321 849 3382 a.
884 3319 941 3378 m.
1010 3287 1250 3375 Antecedens
1295 3301 1367 3382 27.
1387 3291 1465 3389 64,
1504 3282 1655 3392 sequens
1694 3297 1768 3378 27.
1785 3305 1865 3384 94,
1920 3275 2080 3361 thermo

818 3443 993 3511 metrum
1033 3421 1138 3518 156,
1174 3427 1308 3498 vennas
1337 3405 1755 3514 inconstansSSW3,
1786 3429 1898 3492 autea
1931 3401 2081 3506 SSWa

815 3551 885 3658 qui
945 3565 1066 3633 motus
1096 3545 1164 3628 fuit
1213 3538 1327 3622 nodie
1372 3537 1420 3622 ad
1468 3539 1676 3624 diluculum
1725 3561 1869 3647 usque,
1924 3552 1971 3616 vt
2007 3531 2083 3615 hinc

817 3676 910 3760 inde
941 3673 1044 3759 tecta
1074 3672 1267 3755 domuum
1300 3665 1467 3772 tolleret,
1495 3667 1673 3780 sequente
1702 3685 1822 3748 uento
1852 3657 1917 3749 Se
1952 3680 1991 3744 et
2028 3659 2085 3742 de

817 3803 906 3888 inde
938 3798 1110 3888 malacia.

885 4089 889 4096 ·
967 4043 1101 4151 Ftigus
1133 4039 1353 4126 maximum
1390 4043 1474 4138 178
1506 4037 1544 4122 d.
1583 4057 1661 4142 30,
1692 4031 1920 4120 antecedens
1954 4033 2039 4132 169
2053 4043 2088 4113 et

819 4180 971 4286 sequens
995 4189 1091 4275 174,
1124 4163 1335 4252 sentoSO
1355 4193 1370 4247 t
1406 4185 1448 4250 et
1465 4165 1588 4250 llatim
1606 4164 1781 4274 sequente
1797 4160 1974 4267 malacia,
1992 4179 2093 4242 ante-

783 4307 954 4392 ¹cedens
994 4317 1129 4381 uentus
1161 4293 1335 4398 ssWa
1381 4313 1421 4377 et
1461 4323 1506 4399 4.
1570 4289 1842 4378 Barometrum
1888 4301 1963 4376 28.
2009 4309 2095 4392 oo,

819 4427 1049 4521 antecedens
1076 4424 1241 4512 altitudo
1275 4445 1348 4528 27.
1385 4449 1448 4527 94
1488 4441 1532 4506 et
1585 4421 1737 4532 sequeus
1786 4436 1858 4520 27.
1904 4443 1969 4521 90
2009 4433 2096 4496 etat.

1980 4541 2100 4632 Mini-
