4459 5925
420 460 697 620 MONS
751 498 1243 670 ual'tnoltVM.
1371 534 1473 640 299'

179 776 281 868 pore
333 757 596 867 evanum,
641 760 748 870 quoa
796 737 1042 846 emmane
1087 781 1161 871 per
1190 759 1239 844 ac
1267 737 1461 870 uturum,

181 903 287 987 dabit
318 903 493 992 valorem
521 905 707 1006 formulae
737 873 824 1017 ἐξ,
875 931 971 1019 quae
1002 910 1042 989 in
1071 900 1352 1016 expressionem
1387 913 1461 1016 pro
1563 1001 1566 1006 ¹

180 1029 274 1116 statu
304 1032 499 1143 preffionis
524 1051 554 1147 p
584 1035 782 1119 inuentam
812 1034 1034 1146 ingreditur.

330 1201 406 1302 64.
438 1197 582 1309 Quodli
615 1201 692 1282 iam
727 1203 829 1311 prius
856 1199 1084 1309 criterium,
1116 1223 1197 1312 quo
1227 1215 1359 1284 motus
1391 1197 1461 1286 sal-

180 1336 260 1403 tem
295 1323 478 1430 poffiuilis
508 1326 748 1434 continetur,
781 1327 847 1410 hic
875 1330 1150 1434 adiungamus,
1202 1346 1330 1411 ternae
1362 1329 1462 1410 cele-

177 1448 369 1554 ritatestu
388 1479 428 1556 u,
446 1482 486 1538 -cu
517 1457 705 1537 eiusmodi
736 1453 956 1538 mustiones
976 1473 1167 1535 ternarum
1223 1455 1461 1538 coordinata⁴

175 1599 265 1657 rum
298 1599 345 1675 x,
363 1603 400 1682 y
433 1599 531 1660 etz
502 1603 640 1660 zvna
677 1605 768 1664 cum
821 1598 997 1687 tempore
1040 1575 1172 1662 telle
1219 1579 1387 1675 debent,
1419 1596 1463 1662 ut

171 1701 384 1812 primoliu
418 1705 879 1806 udx—l-ody-l-rudz
910 1702 1158 1787 differentiale
1191 1707 1460 1815 completum,

173 1846 446 1952 deindeuero,
479 1817 687 1958 utsit}¹‡
705 1816 1004 1971 4-,3-,4-3-“2
1020 1871 1137 1933 zo.
1200 1845 1462 1957 Hisqucclua·

171 1975 248 2058 bus
295 1973 575 2058 conditionibus
621 1973 751 2058 omnis
800 1975 1006 2059 fluidorum
1062 1993 1223 2082 motus,
1265 1976 1459 2086 siquidem

168 2099 357 2184 densitate
387 2101 597 2186 inuariabili
623 2103 698 2186 lint
725 2104 954 2210 praeditae,
1004 2099 1205 2186 subiicitur.
1269 2103 1461 2192 Praeterea

166 2252 286 2330 vero,
315 2225 496 2312 stsumto
524 2233 642 2313 etiam
669 2249 854 2339 tempore
885 2244 905 2314 t
937 2228 1143 2333 variabili,
1160 2227 1268 2318 ‘haec
1311 2231 1460 2316 sormu-

161 2353 203 2439 la
241 2352 889 2459 uda-l-ody-l-wdz-l-Udt
919 2353 1030 2438 suerit
1062 2356 1307 2442 differentiale
1346 2384 1460 2444 com

146 2481 364 2590 pletum,
395 2479 505 2565 slatus
535 2481 777 2592 prcffionis
760 2505 804 2564 ru
829 2481 983 2594 punsio
1004 2506 1239 2595 quocunque
1268 2487 1300 2570 λ
1329 2489 1461 2598 expui

145 2592 621 2721 rmitur,alt1tudmep
654 2633 696 2693 vt
728 2609 793 2692 srt:

275 2745 681 2866 guzc—z-rtu-
686 2770 951 2834 mo-ruw-
957 2747 1041 2833 all

141 2895 356 3007 ‘fiqnidem
398 2895 566 2981 fluidum
600 2898 782 3005 grauitate
816 2889 971 2976 naturali
993 2887 1197 3003 gaudeat,
1230 2906 1270 2975 et
1299 2889 1459 3007 planum
1523 2876 1525 2880 ³

155 3020 304 3111 BAL
336 3021 445 3105 fiterit
472 3022 725 3127 horizontale.

318 3193 405 3289 65.
431 3183 481 3272 Si
505 3191 688 3301 grauitati
719 3188 835 3272 aliam
861 3182 1124 3271 directionem
1167 3184 1458 3295 tribuilseruus,

138 3314 243 3401 ‘siue
281 3318 399 3399 etiam
434 3319 535 3402 uires
567 3336 755 3425 utcunque
786 3312 983 3396 variabiles
1012 3310 1325 3413 alsumfillemus,
1352 3315 1458 3426 ·qui·

148 3444 228 3527 bus
267 3442 432 3553 singulae
465 3444 568 3550 fluidi
601 3444 801 3551 particulae
835 3439 1155 3545 sollicitarentur,
1185 3444 1275 3523 inde
1306 3460 1457 3527 tantum

147 3568 377 3656 discrimen
411 3572 452 3654 in
483 3572 660 3657 valorem
694 3568 947 3680 preffionisp
980 3570 1071 3651 esset
1111 3571 1345 3677 ingressum,
1392 3592 1461 3653 nc·

145 3724 230 3810 que
272 3700 366 3781 inde
398 3701 491 3803 lex,
543 3724 656 3809 quam
688 3721 815 3781 temne
848 3695 1021 3803 cuiusque
1056 3694 1202 3811 punsli
1220 3696 1326 3781 fluidi
1363 3699 1456 3781 cele·

144 3830 300 3915 ritates
347 3824 447 3937 sequi
497 3828 676 3933 debent,
730 3826 844 3908 ullam
903 3822 1156 3907 mutationem
1204 3823 1293 3904 esset
1341 3826 1455 3935 passa.

140 3950 338 4063 Semper
353 3978 458 4065 ergo,
488 3979 730 4065 quaecunque
760 3954 899 4036 suerint
930 3950 1030 4033 uires
1049 3948 1307 4060 sollicitantes,
1325 3971 1456 4035 ternae

137 4086 380 4169 celeritates
408 4108 507 4186 u„u
539 4103 577 4166 et
608 4112 647 4169 ca
672 4083 726 4167 ita'
774 4080 916 4165 debent
963 4074 1036 4162 esic
1084 4099 1360 4189 comparatae,
1410 4096 1456 4161 ut

140 4210 337 4298 formula
368 4210 820 4319 udx-l-udy—t-wdz
868 4206 936 4291 fiat
982 4204 1235 4290 differentiale
1254 4199 1456 4428 comploe-

142 4377 292 4459 tum,
348 4374 460 4465 atqcue
507 4374 551 4440 ut
619 4354 767 4463 iusuper
827 4350 871 4437 sit
935 4318 984 4459 Ξῖ,
965 4311 1383 4474 ”4-{34-{2'2
1497 4452 1503 4459 .

138 4484 385 4575 Infinitis
374 4485 487 4597 igitur
519 4484 645 4571 modis
674 4480 851 4576 conllitui
883 4498 1060 4589 poterunt
1090 4496 1217 4561 ternae
1247 4373 1456 4561 celeritates

504 4630 515 4644 ⁴
663 4714 669 4721 .
766 4607 904 4723 ΡΜ
1354 4628 1391 4714 a,
1422 4622 1454 4687 u
