4459 5925
738 518 772 607 4
847 482 1174 585 MernonVs
1203 482 1571 583 INVENOENDI
1603 480 1925 583 inermus

736 750 790 814 ne
821 723 924 839 quali
954 738 1289 841 proponerentur,
1324 721 1500 815 nondum
1531 718 1688 813 sortaffe
1717 722 1838 813 aditus
1864 722 1913 811 ad
1941 691 2022 811 lroc

737 855 941 973 problema
971 854 1165 969 patuilsct.
1300 938 1304 947 .

891 1006 1064 1095 Remota
1091 1024 1230 1097 autem
1261 1002 1373 1093 huius
1400 1001 1654 1118 problematis
1683 1003 1915 1109 mentione,
1946 992 2052 1112 ipsa*

736 1132 906 1247 quaestio
955 1138 1006 1221 de
1049 1134 1284 1222 inueniendit
1313 1134 1474 1219 infinitis
1502 1126 1621 1217 lineis⁸
1643 1133 1768 1219 curuis
1797 1128 2026 1247 ilope'rime·
2068 1222 2074 1232 ,

737 1264 836 1369 tris,
884 1286 980 1372 quae
1031 1260 1129 1347 intra
1178 1264 1290 1348 datos
1340 1262 1525 1347 terminos
1551 1259 1623 1343 sunt
1653 1263 1873 1373 descriptae,
1909 1256 2026 1345 omni

737 1386 951 1475 attentione
983 1388 1099 1498 digna
1130 1389 1312 1494 uidetur,
1345 1408 1387 1474 ct
1417 1388 1600 1499 quonism
1631 1388 1711 1471 eins
1742 1390 1877 1475 solutio
1905 1412 2026 1499 pecu·

737 1516 838 1601 liaria
886 1516 1019 1600 cnlcnli
1066 1516 1229 1603 artificia
1276 1514 1469 1628 postulat,
1515 1515 1843 1625 quemadmodum
1893 1519 2027 1627 cuique

740 1642 898 1729 tentanti
927 1668 1032 1729 mox
1061 1647 1242 1755 patebit,
1283 1670 1359 1755 pro
1390 1644 1548 1750 Analysr
1578 1643 1671 1729 inde
1702 1668 1783 1728 non
1816 1645 2026 1759 spernenda

737 1773 979 1857 incrementa
1007 1773 1219 1883 expertae
1251 1773 1398 1859 licebit.
1493 1771 1699 1882 Praecipue
1734 1791 1865 1859 antem
1904 1773 2028 1858 multo

738 1900 935 1987 maiorem
966 1898 1133 1986 frudium
1168 1900 1258 1985 hinc
1289 1902 1561 2013 percipiemus,
1593 1898 1623 1983 fi
1654 1901 1891 2012 problemati
1908 1903 2026 2012 longe

738 2026 971 2139 ampliorem
1004 2028 1271 2118 extentionem
1302 2031 1528 2136 tribuamus,
1558 2028 1627 2120 ita,
1656 2049 1700 2115 vr
1716 2030 1918 2115 nonsolum
1940 2053 2030 2115 cur·

740 2180 809 2241 aas
840 2154 1008 2243 eiusdem
1044 2156 1320 2269 longitudinis,
1370 2156 1433 2243 scd
1462 2182 1560 2266 quae
1588 2157 1661 2241 alia
1703 2159 1944 2271 quacunque
1965 2158 2029 2241 in·

738 2284 828 2369 dole
860 2288 1066 2371 communi
1094 2289 1167 2372 srnt
1198 2288 1421 2399 praeditae,
1454 2281 1612 2369 definire
1639 2287 1881 2389 doceamus,
1930 2310 2030 2397 quae

737 2414 841 2499 intra
873 2416 1034 2501 eosdem
1066 2416 1268 2499 terminos·
1286 2415 1358 2499 lint
1389 2418 1603 2495 contentae.
1675 2410 1883 2520 Quousque
1918 2416 2032 2521 igitur

738 2539 838 2627 mihi
870 2538 911 2620 in
941 2538 1172 2624 reseratione·
1197 2538 1308 2621 huius
1346 2534 1598 2647 problematis
1644 2534 1772 2619 latiori
1819 2536 1920 2622 sensu
1967 2565 2027 2626 ac·

739 2668 872 2775 cepti,
931 2666 1150 2777 pertingere
1188 2665 1367 2769 licuerit,
1415 2661 1484 2747 lric
1512 2662 1675 2749 dilucide
1708 2662 1902 2775 explicare
1933 2689 2031 2752 con·

657 2877 661 2885 ,
741 2793 842 2881 stitui
856 2856 874 2899 ‚,
905 2809 1019 2905 atque
1052 2814 1098 2877 rt
1128 2793 1264 2878 ordine
1296 2791 1543 2903 procedam,
1576 2819 1599 2877 a
1629 2790 1907 2904 quaestionibus
1936 2792 2033 2882 lim·

729 2920 954 3034 plicinribus
982 2924 1057 3012 huc
1087 2919 1361 3038 pertinentibus
1390 2920 1584 3008 exordiar.
2141 2912 2147 2923 '

1135 3138 1495 3324 Problema
1555 3191 1655 3298 .1·,
1707 3243 1711 3251 ,
1810 3197 1815 3202 ·

882 3339 1146 3445 ‘1.Inuenire
1192 3360 1462 3472 aequationem
1516 3346 1734 3467 generalem
1754 3365 1761 3378 '
1778 3385 1854 3470 pro
1895 3361 2027 3448 omni·

740 3491 813 3580 bus
841 3493 982 3600 curuis,
1018 3511 1114 3602 qnae
1146 3512 1217 3602 per
1246 3489 1335 3574 data
1365 3487 1447 3571 dno
1476 3487 1618 3597 pnnc‘ta
1649 3487 1849 3574 transeant
1913 3585 1918 3590 Q

1184 3696 1189 3707 ’
1228 3703 1528 3888 Solutio.

756 3899 759 3910 ¹
890 3926 1115 4015 Referenmr
1148 3949 1288 4012 omnes
1317 3926 1392 4014 hae
1421 3948 1562 4019 cumae
1595 3923 1841 4015 inueniendae
1866 3922 1915 4009 ad
1932 3951 2028 4013 eun-

742 4049 834 4140 dem
866 4079 1006 4164 axem,
1037 4055 1267 4166 easdemque
1297 4057 1536 4142 coordinatus
1564 4053 1868 4166 orthogonalea,
1908 4055 2026 4168 fitque

744 4181 890 4268 abscilia
919 4209 975 4266 z
991 4209 1044 4290 x,
1075 4182 1264 4295 applicata
1296 4211 1353 4272 z
1356 4213 1405 4292 y.
1475 4179 1571 4270 Bina
1602 4205 1733 4270 antem
1763 4182 1905 4296 pundta
1933 4185 2024 4272 dete

566 4364 571 4373 ·
743 4309 992 4425 respondeant
1021 4312 1081 4401 his
1108 4313 1255 4402 duobus
1285 4314 1400 4429 ipius
1421 4337 1453 4404 x
1474 4312 1691 4428 ualoribrrs3
1722 4337 1820 4402 aczo
1836 4331 1875 4400 et
1891 4339 2024 4425 rr:a;

1980 4464 2026 4528 ilc
