4459 5925
178 659 182 666 ,
266 687 271 696 Α
342 510 1243 690 ΜοτνεηνιῡοκνΜ..
1341 571 1431 675 289

150 809 265 904 atque
298 786 361 884 obs
393 797 562 905 priorem
584 827 587 831 ·
611 796 883 883 conditionem
916 799 998 883 iam
1046 795 1151 909 supra
1184 794 1431 908 iuuenimua,

153 924 228 1006 else
258 924 393 1008 debere
423 922 700 1021 L-lo'nzo.

305 1078 379 1154 41·
409 1049 515 1136 Cum
547 1054 660 1163 igitur
685 1055 816 1165 elapso
836 1047 1085 1166 'tempusculo
1110 1055 1225 1140 :dt
1243 1051 1435 1162 poncium

150 1178 441 1268 ltmnsferatur
473 1184 594 1294 inp,
625 1185 794 1270 absoluto
826 1183 1028 1270 secundnm
1059 1209 1175 1268 axem
1223 1179 1308 1267 AL
1354 1181 1460 1293 spa·'
1544 1251 1554 1270 .

152 1308 253 1390 tiolo
284 1311 448 1416 tude,
480 1309 683 1396 secundum
718 1313 877 1396 alterum
910 1337 1024 1413 axem
1057 1309 1142 1395 AB
1176 1331 1307 1396 autem
1328 1308 1437 1419 ,spa-

151 1435 253 1536 tiolo
281 1442 457 1548 :odt3
499 1458 546 1521 rt
577 1443 813 1549 incrementa
845 1439 1081 1524 celeritatem
1115 1467 1141 1524 u
1171 1461 1270 1524 eto
1302 1434 1437 1547 pttnili

150 1561 187 1668 l,
218 1589 315 1675 quae
356 1565 594 1674 tempusculo
642 1568 693 1654 dt
739 1569 810 1676 ipfi
859 1569 1116 1672 inducuntur,
1166 1571 1436 1671 obtineamus,
1542 1649 1548 1662 ,

151 1717 229 1802 pro
260 1694 325 1778 dx
355 1711 396 1775 et
425 1694 477 1801 dy
509 1692 616 1776 scribi
648 1711 803 1806 oportet
836 1691 988 1800 spatiola
1020 1696 1106 1777 adt
1134 1712 1173 1776 et
1202 1695 1301 1800 nde,
1332 1693 1437 1779 vnde

150 1817 251 1904 haec
281 1843 372 1903 vera
400 1820 638 1906 celeritatem
674 1825 910 1904 incrementa
941 1821 1178 1929 prodibunt:

177 1933 1440 2057 duz'Ladt-t-ledt-rssdtetdozuludt†mudt†9)ldt

150 2077 223 2162 Ex
254 2101 330 2188 qno
385 2078 489 2160 vires
534 2078 844 2184 acceleratrices,
890 2101 983 2187 quae
1033 2077 1102 2163 has
1150 2081 1441 2165 accelerationea

146 2210 362 2318 producere
395 2204 548 2320 valent,
575 2228 714 2290 erunt:

270 2332 341 2417 Via
369 2333 492 2417 accel.
523 2323 724 2418 handum
756 2331 1276 2433 AL:2(Lu-l-·Iu·l-
1306 2325 1376 2448 2)
1737 2429 1739 2436 ,
1835 2439 1841 2452 .

272 2460 345 2543 Vis
372 2460 719 2546 remismundum
752 2453 1374 2574 AB:2(Mu÷mu-l-9)l)
1476 2558 1477 2562 a
1583 2473 1587 2482 '
1754 2469 1758 2478 '

139 2588 288 2698 quibus
333 2613 432 2698 ergo
481 2589 579 2672 vires
627 2589 714 2673 adiu
741 2687 745 2694 ¹
769 2591 810 2672 in
842 2612 960 2700 aquae
989 2589 1216 2701 particulam
1246 2589 1268 2675 l
1296 2590 1441 2702 agentis

138 2716 328 2824 aequales
359 2718 430 2799 else
460 2714 664 2800 debebunt.
695 2797 698 2802 ,
1457 2739 1459 2746 ’
1671 2825 1674 2830 ¹

303 2867 378 2944 42.
415 2841 522 2925 Inter
572 2847 669 2927 vitea
717 2861 879 2946 autem,
927 2868 1023 2954 quae
1071 2869 1188 2957 aquae
1236 2847 1438 2958 particulas
1484 2878 1491 2890 ·
1585 2901 1587 2906 .

135 2973 241 3057 retu
295 2970 526 3076 sollicitant,
576 2975 748 3080 primum
800 2971 1065 3056 confideranda
1089 2976 1208 3057 ‘venit
1241 2961 1436 3084 grauitas,

136 3103 259 3183 cuius
293 3119 420 3184 antem
454 3097 624 3205 effecius,
654 3100 679 3182 sr
713 3096 903 3209 planum,
936 3100 975 3182 in
1004 3122 1085 3209 quo
1114 3098 1162 3184 fit
1194 3120 1350 3209 motus,
1384 3102 1440 3185 cll

135 3228 428 3332 horizonrale,
462 3225 687 3337 pronihilo
720 3228 791 3312 erit
819 3227 1023 3327 habendus.
1088 3224 1159 3312 Sin
1192 3249 1319 3331 autem
1355 3218 1457 3317 foe-s

135 3358 190 3439 tit
227 3356 392 3462 decline,
423 3356 582 3465 axisque
633 3353 719 3441 AL
754 3354 1009 3439 decliuitatem
1060 3356 1259 3466 sequatur,
1316 3332 1441 3441 al'tero

129 3480 227 3568 AB
262 3484 459 3568 exiliente
489 3481 757 3585 horizontali,
784 3507 813 3565 a
842 3483 1030 3593 grauitate
1064 3490 1207 3568 orietur
1237 3484 1297 3567 ris
1329 3511 1440 3597 acce·

127 3612 305 3695 leratrix
338 3610 539 3695 secundum
573 3610 658 3695 AL
691 3610 900 3715 constans,
950 3636 1047 3719 quae
1082 3612 1128 3695 fit
1160 3638 1269 3695 :aa
1352 3610 1478 3697 Dez

127 3742 227 3823 inde
266 3764 352 3822 non
387 3722 722 3848 praetermittenda
755 3736 809 3820 eli
840 3736 999 3845 fritilo,
1044 3764 1119 3847 qua
1148 3740 1258 3851 saepe
1311 3760 1442 3826 motus
1595 3800 1599 3803 -

121 3892 256 3977 aquae
298 3891 379 3949 non
411 3867 654 3948 mediocriter
691 3868 932 3977 impeditur,
964 3890 1177 3977 quanquam
1209 3888 1338 3952 autem
1362 3872 1443 3953 eiua

125 3996 239 4105 leges
274 3990 454 4079 nonduin
487 3991 568 4075 sunt
609 3996 692 4078 satis
740 3994 990 4103 exploratae,
1037 4013 1170 4081 tamen
1222 3992 1439 4081 frictionem

120 4148 359 4234 corporum
413 4120 621 4205 latinorum
671 4120 863 4231 sequentes
911 4145 991 4203 non
1032 4122 1197 4207 multum
1232 4121 1439 4209 fortaliea

119 4251 256 4362 scopo
296 4249 586 4357 aberrabimus,
623 4250 902 4335 safriliionem
934 4251 1080 4363 ,ubique
1113 4246 1319 4371 prellrorri,
1371 4276 1442 4361 qna

117 4404 251 4488 aquae
289 4378 500 4489 particulae
538 4378 574 4461 se
624 4378 793 4465 inuicem
845 4396 1059 4491 premunt,
1104 4379 1439 4490 proportionalem

115 4508 390 4592 statuerimus.

178 4670 660 4820 Toanl.N0u.Com.
973 4672 1059 4761 00
1266 4692 1343 4777 42.
1362 4662 1436 4758 Ir‘r‘·
