<?xml version="1.0" encoding="UTF-8"?>
<!DOCTYPE html PUBLIC "-//W3C//DTD XHTML 1.0 Transitional//EN"
    "http://www.w3.org/TR/xhtml1/DTD/xhtml1-transitional.dtd">
<html xmlns="http://www.w3.org/1999/xhtml" xml:lang="en" lang="en">
 <head>
  <title>
</title>
<meta http-equiv="Content-Type" content="text/html;charset=utf-8" />
  <meta name='ocr-system' content='tesseract 3.04.00' />
  <meta name='ocr-capabilities' content='ocr_page ocr_carea ocr_par ocr_line ocrx_word'/>
</head>
<body>
  <div class='ocr_page' id='page_1' title='image "./novicommentarii14sssrgoog_0237.png"; bbox 0 0 4459 5925; ppageno 0'>
   <div class='ocr_carea' id='block_1_1' title="bbox 404 495 1444 628">
    <p class='ocr_par' dir='ltr' id='par_1_1' title="bbox 404 495 1444 628">
     <span class='ocr_line' id='line_1_1' title="bbox 404 495 1444 628; baseline 0.005 -12"><span class='ocrx_word' id='word_1_1' title='bbox 404 526 491 616; x_wconf 81' lang='lat' dir='ltr'><strong>ru</strong></span> <span class='ocrx_word' id='word_1_2' title='bbox 556 495 1218 615; x_wconf 69' lang='lat' dir='ltr'><strong>urrursrrrur</strong></span> <span class='ocrx_word' id='word_1_3' title='bbox 1331 538 1444 628; x_wconf 72' lang='lat' dir='ltr'><strong>·mr</strong></span> 
     </span>
    </p>
   </div>
   <div class='ocr_carea' id='block_1_2' title="bbox 160 753 1441 869">
    <p class='ocr_par' dir='ltr' id='par_1_2' title="bbox 160 753 1441 869">
     <span class='ocr_line' id='line_1_2' title="bbox 160 753 1441 869; baseline 0.004 -30"><span class='ocrx_word' id='word_1_4' title='bbox 160 780 299 869; x_wconf 86' lang='lat' dir='ltr'><strong>parum</strong></span> <span class='ocrx_word' id='word_1_5' title='bbox 345 755 399 839; x_wconf 89' lang='lat' dir='ltr'><strong>esi</strong></span> <span class='ocrx_word' id='word_1_6' title='bbox 432 755 617 841; x_wconf 87' lang='lat' dir='ltr'><strong>iucunda:</strong></span> <span class='ocrx_word' id='word_1_7' title='bbox 665 773 797 837; x_wconf 84' lang='lat' dir='ltr'><strong>tamen</strong></span> <span class='ocrx_word' id='word_1_8' title='bbox 828 754 899 839; x_wconf 83' lang='lat' dir='ltr'><strong>nist</strong></span> <span class='ocrx_word' id='word_1_9' title='bbox 927 754 1206 841; x_wconf 78' lang='lat' dir='ltr'><strong>demotrsiratio</strong></span> <span class='ocrx_word' id='word_1_10' title='bbox 1233 753 1349 843; x_wconf 80' lang='lat' dir='ltr'><strong>olida</strong></span> <span class='ocrx_word' id='word_1_11' title='bbox 1380 782 1441 843; x_wconf 88' lang='lat' dir='ltr'><strong>ac·</strong></span> 
     </span>
    </p>
   </div>
   <div class='ocr_carea' id='block_1_3' title="bbox 161 880 1643 1003">
    <p class='ocr_par' dir='ltr' id='par_1_3' title="bbox 161 880 1643 1003">
     <span class='ocr_line' id='line_1_3' title="bbox 161 880 1643 1003; baseline 0.006 -36"><span class='ocrx_word' id='word_1_12' title='bbox 161 880 338 991; x_wconf 80' lang='lat' dir='ltr'><strong>cesserit,</strong></span> <span class='ocrx_word' id='word_1_13' title='bbox 368 884 418 966; x_wconf 89' lang='lat' dir='ltr'><strong>de</strong></span> <span class='ocrx_word' id='word_1_14' title='bbox 444 883 527 966; x_wconf 83' lang='lat' dir='ltr'><strong>eius</strong></span> <span class='ocrx_word' id='word_1_15' title='bbox 556 886 721 966; x_wconf 70' lang='lat' dir='ltr'><strong>ueritate</strong></span> <span class='ocrx_word' id='word_1_16' title='bbox 755 908 836 967; x_wconf 91' lang='lat' dir='ltr'><strong>oon</strong></span> <span class='ocrx_word' id='word_1_17' title='bbox 867 881 953 967; x_wconf 82' lang='lat' dir='ltr'><strong>satis</strong></span> <span class='ocrx_word' id='word_1_18' title='bbox 980 888 1078 969; x_wconf 86' lang='lat' dir='ltr'><strong>certi</strong></span> <span class='ocrx_word' id='word_1_19' title='bbox 1106 884 1189 969; x_wconf 83' lang='lat' dir='ltr'><strong>esse</strong></span> <span class='ocrx_word' id='word_1_20' title='bbox 1220 882 1442 996; x_wconf 75' lang='lat' dir='ltr'><strong>possumus3</strong></span> <span class='ocrx_word' id='word_1_21' title='bbox 1625 985 1643 1003; x_wconf 21' lang='grc' dir='ltr'>ἣ</span> 
     </span>
    </p>
   </div>
   <div class='ocr_carea' id='block_1_4' title="bbox 140 1010 1491 2905">
    <p class='ocr_par' dir='ltr' id='par_1_4' title="bbox 140 1010 1491 2905">
     <span class='ocr_line' id='line_1_4' title="bbox 161 1010 1445 1123; baseline 0.002 -28"><span class='ocrx_word' id='word_1_22' title='bbox 161 1016 346 1123; x_wconf 86' lang='lat' dir='ltr'><strong>exempla</strong></span> <span class='ocrx_word' id='word_1_23' title='bbox 374 1012 482 1095; x_wconf 89' lang='lat' dir='ltr'><strong>enim</strong></span> <span class='ocrx_word' id='word_1_24' title='bbox 515 1034 597 1093; x_wconf 88' lang='lat' dir='ltr'><strong>non</strong></span> <span class='ocrx_word' id='word_1_25' title='bbox 626 1010 782 1116; x_wconf 82' lang='lat' dir='ltr'>desunt,</span> <span class='ocrx_word' id='word_1_26' title='bbox 832 1011 966 1123; x_wconf 79' lang='lat' dir='ltr'><strong>quibus</strong></span> <span class='ocrx_word' id='word_1_27' title='bbox 995 1013 1074 1101; x_wconf 75' lang='lat' dir='ltr'><strong>soh</strong></span> <span class='ocrx_word' id='word_1_28' title='bbox 1104 1012 1280 1099; x_wconf 76' lang='lat' dir='ltr'><strong>iududiio</strong></span> <span class='ocrx_word' id='word_1_29' title='bbox 1311 1014 1349 1097; x_wconf 88' lang='lat' dir='ltr'><strong>in</strong></span> <span class='ocrx_word' id='word_1_30' title='bbox 1381 1038 1445 1097; x_wconf 89' lang='lat' dir='ltr'><strong>er·</strong></span> 
     </span>
     <span class='ocr_line' id='line_1_5' title="bbox 160 1138 1443 1252; baseline 0.002 -27"><span class='ocrx_word' id='word_1_31' title='bbox 160 1164 295 1225; x_wconf 83' lang='lat' dir='ltr'><strong>torem</strong></span> <span class='ocrx_word' id='word_1_32' title='bbox 342 1140 657 1251; x_wconf 87' lang='lat' dir='ltr'><strong>praecipitaoerit.</strong></span> <span class='ocrx_word' id='word_1_33' title='bbox 751 1138 860 1223; x_wconf 86' lang='lat' dir='ltr'><strong>Tum</strong></span> <span class='ocrx_word' id='word_1_34' title='bbox 910 1163 1006 1223; x_wconf 79' lang='lat' dir='ltr'><strong>vero</strong></span> <span class='ocrx_word' id='word_1_35' title='bbox 1057 1146 1137 1252; x_wconf 89' lang='lat' dir='ltr'><strong>ipsa</strong></span> <span class='ocrx_word' id='word_1_36' title='bbox 1166 1141 1443 1229; x_wconf 77' lang='lat' dir='ltr'><strong>demonstratio</strong></span> 
     </span>
     <span class='ocr_line' id='line_1_6' title="bbox 161 1265 1442 1384; baseline 0.002 -32"><span class='ocrx_word' id='word_1_37' title='bbox 161 1293 243 1352; x_wconf 88' lang='lat' dir='ltr'><strong>non</strong></span> <span class='ocrx_word' id='word_1_38' title='bbox 274 1267 394 1384; x_wconf 87' lang='lat' dir='ltr'><strong>solum</strong></span> <span class='ocrx_word' id='word_1_39' title='bbox 423 1270 554 1351; x_wconf 84' lang='lat' dir='ltr'><strong>omnia</strong></span> <span class='ocrx_word' id='word_1_40' title='bbox 584 1268 697 1352; x_wconf 83' lang='lat' dir='ltr'><strong>dubia</strong></span> <span class='ocrx_word' id='word_1_41' title='bbox 729 1266 863 1371; x_wconf 81' lang='lat' dir='ltr'><strong>tollit,</strong></span> <span class='ocrx_word' id='word_1_42' title='bbox 912 1265 1124 1353; x_wconf 87' lang='lat' dir='ltr'><strong>sedetiam</strong></span> <span class='ocrx_word' id='word_1_43' title='bbox 1173 1286 1327 1355; x_wconf 87' lang='lat' dir='ltr'><strong>naturae</strong></span> <span class='ocrx_word' id='word_1_44' title='bbox 1373 1296 1442 1355; x_wconf 85' lang='lat' dir='ltr'><strong>oo·</strong></span> 
     </span>
     <span class='ocr_line' id='line_1_7' title="bbox 159 1394 1441 1507; baseline 0 -24"><span class='ocrx_word' id='word_1_45' title='bbox 159 1420 362 1483; x_wconf 86' lang='lat' dir='ltr'><strong>meromm</strong></span> <span class='ocrx_word' id='word_1_46' title='bbox 392 1394 607 1507; x_wconf 88' lang='lat' dir='ltr'><strong>penetralia</strong></span> <span class='ocrx_word' id='word_1_47' title='bbox 636 1419 717 1478; x_wconf 92' lang='lat' dir='ltr'><strong>non</strong></span> <span class='ocrx_word' id='word_1_48' title='bbox 749 1395 992 1480; x_wconf 79' lang='lat' dir='ltr'><strong>mediocriter</strong></span> <span class='ocrx_word' id='word_1_49' title='bbox 1019 1396 1209 1506; x_wconf 76' lang='lat' dir='ltr'><strong>recidit,</strong></span> <span class='ocrx_word' id='word_1_50' title='bbox 1258 1397 1441 1483; x_wconf 86' lang='lat' dir='ltr'><strong>nosiram·</strong></span> 
     </span>
     <span class='ocr_line' id='line_1_8' title="bbox 156 1523 1491 1635; baseline 0.001 -28"><span class='ocrx_word' id='word_1_51' title='bbox 156 1548 233 1635; x_wconf 87' lang='lat' dir='ltr'><strong>que</strong></span> <span class='ocrx_word' id='word_1_52' title='bbox 266 1548 517 1607; x_wconf 83' lang='lat' dir='ltr'><strong>numerorum</strong></span> <span class='ocrx_word' id='word_1_53' title='bbox 552 1523 814 1630; x_wconf 82' lang='lat' dir='ltr'><strong>cognitionem</strong></span> <span class='ocrx_word' id='word_1_54' title='bbox 847 1526 1034 1608; x_wconf 88' lang='lat' dir='ltr'><strong>continuo</strong></span> <span class='ocrx_word' id='word_1_55' title='bbox 1061 1526 1183 1632; x_wconf 81' lang='lat' dir='ltr'><strong>magis</strong></span> <span class='ocrx_word' id='word_1_56' title='bbox 1212 1544 1442 1634; x_wconf 62' lang='lat' dir='ltr'><strong>mouet,</strong></span> <span class='ocrx_word' id='word_1_57' title='bbox 1488 1571 1491 1584; x_wconf 90' lang='lat'><strong>·</strong></span> 
     </span>
     <span class='ocr_line' id='line_1_9' title="bbox 157 1645 1445 1763; baseline 0.002 -26"><span class='ocrx_word' id='word_1_58' title='bbox 157 1655 322 1737; x_wconf 81' lang='lat' dir='ltr'><strong>acuiut</strong></span> <span class='ocrx_word' id='word_1_59' title='bbox 365 1666 473 1734; x_wconf 86' lang='lat' dir='ltr'><strong>certe</strong></span> <span class='ocrx_word' id='word_1_60' title='bbox 518 1649 713 1733; x_wconf 68' lang='lat' dir='ltr'><strong>doetrinae</strong></span> <span class='ocrx_word' id='word_1_61' title='bbox 767 1645 1000 1755; x_wconf 69' lang='lat' dir='ltr'><strong>peremne</strong></span> <span class='ocrx_word' id='word_1_62' title='bbox 1047 1650 1172 1736; x_wconf 89' lang='lat' dir='ltr'><strong>adhuc</strong></span> <span class='ocrx_word' id='word_1_63' title='bbox 1223 1651 1445 1763; x_wconf 82' lang='lat' dir='ltr'><strong>longiffime</strong></span> 
     </span>
     <span class='ocr_line' id='line_1_10' title="bbox 156 1772 1441 1892; baseline -0.001 -28"><span class='ocrx_word' id='word_1_64' title='bbox 156 1786 288 1865; x_wconf 85' lang='lat' dir='ltr'><strong>sumus</strong></span> <span class='ocrx_word' id='word_1_65' title='bbox 333 1778 488 1862; x_wconf 88' lang='lat' dir='ltr'><strong>remoti.</strong></span> <span class='ocrx_word' id='word_1_66' title='bbox 570 1774 721 1859; x_wconf 88' lang='lat' dir='ltr'><strong>Verum</strong></span> <span class='ocrx_word' id='word_1_67' title='bbox 771 1772 898 1859; x_wconf 84' lang='lat' dir='ltr'><strong>sicui</strong></span> <span class='ocrx_word' id='word_1_68' title='bbox 925 1775 1023 1861; x_wconf 88' lang='lat' dir='ltr'><strong>haec</strong></span> <span class='ocrx_word' id='word_1_69' title='bbox 1055 1776 1154 1860; x_wconf 86' lang='lat' dir='ltr'><strong>sorte</strong></span> <span class='ocrx_word' id='word_1_70' title='bbox 1185 1802 1265 1863; x_wconf 84' lang='lat' dir='ltr'><strong>noo</strong></span> <span class='ocrx_word' id='word_1_71' title='bbox 1309 1782 1441 1892; x_wconf 86' lang='lat' dir='ltr'><strong>magni</strong></span> 
     </span>
     <span class='ocr_line' id='line_1_11' title="bbox 159 1903 1441 2017; baseline 0.003 -26"><span class='ocrx_word' id='word_1_72' title='bbox 159 1909 359 1992; x_wconf 78' lang='lat' dir='ltr'><strong>momenti</strong></span> <span class='ocrx_word' id='word_1_73' title='bbox 391 1906 470 1990; x_wconf 85' lang='lat' dir='ltr'><strong>esie</strong></span> <span class='ocrx_word' id='word_1_74' title='bbox 521 1903 755 1991; x_wconf 78' lang='lat' dir='ltr'><strong>rideantur,</strong></span> <span class='ocrx_word' id='word_1_75' title='bbox 802 1905 904 2013; x_wconf 92' lang='lat' dir='ltr'><strong>quod</strong></span> <span class='ocrx_word' id='word_1_76' title='bbox 940 1907 1013 1989; x_wconf 81' lang='lat' dir='ltr'><strong>rix</strong></span> <span class='ocrx_word' id='word_1_77' title='bbox 1044 1929 1209 2017; x_wconf 76' lang='lat' dir='ltr'><strong>unquam</strong></span> <span class='ocrx_word' id='word_1_78' title='bbox 1244 1906 1366 1993; x_wconf 87' lang='lat' dir='ltr'><strong>ulium</strong></span> <span class='ocrx_word' id='word_1_79' title='bbox 1399 1906 1441 1995; x_wconf 87' lang='lat' dir='ltr'><strong>iu</strong></span> 
     </span>
     <span class='ocr_line' id='line_1_12' title="bbox 158 2029 1440 2147; baseline 0.001 -26"><span class='ocrx_word' id='word_1_80' title='bbox 158 2032 329 2121; x_wconf 83' lang='lat' dir='ltr'><strong>Mathesi</strong></span> <span class='ocrx_word' id='word_1_81' title='bbox 358 2033 546 2144; x_wconf 88' lang='lat' dir='ltr'><strong>applicata</strong></span> <span class='ocrx_word' id='word_1_82' title='bbox 577 2029 685 2115; x_wconf 83' lang='lat' dir='ltr'><strong>usum</strong></span> <span class='ocrx_word' id='word_1_83' title='bbox 722 2029 892 2116; x_wconf 88' lang='lat' dir='ltr'><strong>habitura</strong></span> <span class='ocrx_word' id='word_1_84' title='bbox 937 2038 1148 2141; x_wconf 84' lang='lat' dir='ltr'><strong>putentur,</strong></span> <span class='ocrx_word' id='word_1_85' title='bbox 1197 2035 1280 2119; x_wconf 77' lang='lat' dir='ltr'><strong>virs</strong></span> <span class='ocrx_word' id='word_1_86' title='bbox 1327 2063 1440 2147; x_wconf 88' lang='lat' dir='ltr'><strong>quem</strong></span> 
     </span>
     <span class='ocr_line' id='line_1_13' title="bbox 154 2156 1442 2270; baseline -0.005 -23"><span class='ocrx_word' id='word_1_87' title='bbox 154 2163 251 2247; x_wconf 88' lang='lat' dir='ltr'><strong>inde</strong></span> <span class='ocrx_word' id='word_1_88' title='bbox 282 2166 320 2245; x_wconf 91' lang='lat' dir='ltr'><strong>in</strong></span> <span class='ocrx_word' id='word_1_89' title='bbox 352 2159 619 2247; x_wconf 77' lang='lat' dir='ltr'><strong>ratiocinando</strong></span> <span class='ocrx_word' id='word_1_90' title='bbox 648 2156 911 2270; x_wconf 76' lang='lat' dir='ltr'><strong>adipiscimur,</strong></span> <span class='ocrx_word' id='word_1_91' title='bbox 942 2181 1045 2245; x_wconf 87' lang='lat' dir='ltr'><strong>certe</strong></span> <span class='ocrx_word' id='word_1_92' title='bbox 1077 2188 1157 2247; x_wconf 88' lang='lat' dir='ltr'><strong>oon</strong></span> <span class='ocrx_word' id='word_1_93' title='bbox 1189 2164 1245 2249; x_wconf 88' lang='lat' dir='ltr'><strong>est</strong></span> <span class='ocrx_word' id='word_1_94' title='bbox 1268 2184 1442 2249; x_wconf 87' lang='lat' dir='ltr'><strong>contem.</strong></span> 
     </span>
     <span class='ocr_line' id='line_1_14' title="bbox 151 2286 1445 2400; baseline 0.003 -27"><span class='ocrx_word' id='word_1_95' title='bbox 151 2292 318 2373; x_wconf 83' lang='lat' dir='ltr'><strong>nendos.</strong></span> <span class='ocrx_word' id='word_1_96' title='bbox 416 2286 511 2373; x_wconf 85' lang='lat' dir='ltr'><strong>Sunt</strong></span> <span class='ocrx_word' id='word_1_97' title='bbox 561 2288 667 2371; x_wconf 91' lang='lat' dir='ltr'><strong>enim</strong></span> <span class='ocrx_word' id='word_1_98' title='bbox 696 2287 922 2397; x_wconf 87' lang='lat' dir='ltr'><strong>plerumque</strong></span> <span class='ocrx_word' id='word_1_99' title='bbox 954 2288 1064 2375; x_wconf 86' lang='lat' dir='ltr'><strong>huius</strong></span> <span class='ocrx_word' id='word_1_100' title='bbox 1091 2294 1237 2400; x_wconf 76' lang='lat' dir='ltr'><strong>generis</strong></span> <span class='ocrx_word' id='word_1_101' title='bbox 1268 2295 1445 2379; x_wconf 83' lang='lat' dir='ltr'><strong>ueritates</strong></span> 
     </span>
     <span class='ocr_line' id='line_1_15' title="bbox 145 2415 1444 2523; baseline 0.002 -20"><span class='ocrx_word' id='word_1_102' title='bbox 145 2418 210 2503; x_wconf 87' lang='lat' dir='ltr'><strong>ita</strong></span> <span class='ocrx_word' id='word_1_103' title='bbox 264 2416 514 2523; x_wconf 73' lang='lat' dir='ltr'><strong>retenone,</strong></span> <span class='ocrx_word' id='word_1_104' title='bbox 560 2434 607 2495; x_wconf 83' lang='lat' dir='ltr'><strong>ur</strong></span> <span class='ocrx_word' id='word_1_105' title='bbox 634 2439 764 2497; x_wconf 81' lang='lat' dir='ltr'><strong>earum</strong></span> <span class='ocrx_word' id='word_1_106' title='bbox 794 2415 1135 2500; x_wconf 80' lang='lat' dir='ltr'><strong>demonstrationes</strong></span> <span class='ocrx_word' id='word_1_107' title='bbox 1165 2438 1248 2501; x_wconf 88' lang='lat' dir='ltr'><strong>tam</strong></span> <span class='ocrx_word' id='word_1_108' title='bbox 1279 2422 1444 2505; x_wconf 89' lang='lat' dir='ltr'><strong>incredi-</strong></span> 
     </span>
     <span class='ocr_line' id='line_1_16' title="bbox 140 2539 1446 2655; baseline 0.002 -26"><span class='ocrx_word' id='word_1_109' title='bbox 140 2544 284 2630; x_wconf 80' lang='lat' dir='ltr'><strong>bilem</strong></span> <span class='ocrx_word' id='word_1_110' title='bbox 318 2539 711 2650; x_wconf 68' lang='lat' dir='ltr'><strong>circumspectionem.</strong></span> <span class='ocrx_word' id='word_1_111' title='bbox 741 2565 856 2651; x_wconf 88' lang='lat' dir='ltr'><strong>quam</strong></span> <span class='ocrx_word' id='word_1_112' title='bbox 889 2546 1090 2627; x_wconf 83' lang='lat' dir='ltr'><strong>eximiam&#39;</strong></span> <span class='ocrx_word' id='word_1_113' title='bbox 1108 2546 1251 2655; x_wconf 82' lang='lat' dir='ltr'><strong>ingenii</strong></span> <span class='ocrx_word' id='word_1_114' title='bbox 1284 2550 1367 2631; x_wconf 80' lang='lat' dir='ltr'><strong>vim</strong></span> <span class='ocrx_word' id='word_1_115' title='bbox 1385 2572 1446 2632; x_wconf 86' lang='lat' dir='ltr'><strong>re-</strong></span> 
     </span>
     <span class='ocr_line' id='line_1_17' title="bbox 144 2669 1443 2783; baseline 0.005 -29"><span class='ocrx_word' id='word_1_116' title='bbox 144 2672 327 2783; x_wconf 87' lang='lat' dir='ltr'><strong>quirant.</strong></span> <span class='ocrx_word' id='word_1_117' title='bbox 424 2669 556 2781; x_wconf 78' lang='lat' dir='ltr'><strong>Quare</strong></span> <span class='ocrx_word' id='word_1_118' title='bbox 601 2692 692 2749; x_wconf 91' lang='lat' dir='ltr'><strong>cum</strong></span> <span class='ocrx_word' id='word_1_119' title='bbox 743 2669 864 2775; x_wconf 83' lang='lat' dir='ltr'><strong>vulgo</strong></span> <span class='ocrx_word' id='word_1_120' title='bbox 906 2669 957 2751; x_wconf 91' lang='lat' dir='ltr'><strong>ad</strong></span> <span class='ocrx_word' id='word_1_121' title='bbox 1005 2671 1194 2753; x_wconf 81' lang='lat' dir='ltr'><strong>ratiocinii</strong></span> <span class='ocrx_word' id='word_1_122' title='bbox 1227 2672 1443 2761; x_wconf 71' lang='lat' dir='ltr'><strong>sacukatetn</strong></span> 
     </span>
     <span class='ocr_line' id='line_1_18' title="bbox 147 2793 1446 2905; baseline 0.004 -22"><span class='ocrx_word' id='word_1_123' title='bbox 147 2794 462 2905; x_wconf 80' lang='lat' dir='ltr'><strong>comparandam</strong></span> <span class='ocrx_word' id='word_1_124' title='bbox 495 2793 844 2881; x_wconf 84' lang='lat' dir='ltr'><strong>demonstrationes</strong></span> <span class='ocrx_word' id='word_1_125' title='bbox 872 2798 1123 2905; x_wconf 75' lang='lat' dir='ltr'><strong>geometricae</strong></span> <span class='ocrx_word' id='word_1_126' title='bbox 1173 2805 1446 2889; x_wconf 85' lang='lat' dir='ltr'><strong>commendari</strong></span> 
     </span>
    </p>
   </div>
   <div class='ocr_carea' id='block_1_5' title="bbox 151 2920 1579 3033">
    <p class='ocr_par' dir='ltr' id='par_1_5' title="bbox 151 2920 1579 3033">
     <span class='ocr_line' id='line_1_19' title="bbox 151 2920 1579 3033; baseline 0.003 -22"><span class='ocrx_word' id='word_1_127' title='bbox 151 2926 337 3013; x_wconf 56' lang='lat' dir='ltr'><strong>soleanti</strong></span> <span class='ocrx_word' id='word_1_128' title='bbox 388 2923 530 3033; x_wconf 85' lang='lat' dir='ltr'><strong>quippe</strong></span> <span class='ocrx_word' id='word_1_129' title='bbox 562 2946 656 3030; x_wconf 89' lang='lat' dir='ltr'><strong>quae</strong></span> <span class='ocrx_word' id='word_1_130' title='bbox 685 2920 897 3033; x_wconf 83' lang='lat' dir='ltr'><strong>regularum</strong></span> <span class='ocrx_word' id='word_1_131' title='bbox 927 2927 1138 3011; x_wconf 87' lang='lat' dir='ltr'><strong>rationandi</strong></span> <span class='ocrx_word' id='word_1_132' title='bbox 1170 2927 1280 3016; x_wconf 86' lang='lat' dir='ltr'><strong>usum</strong></span> <span class='ocrx_word' id='word_1_133' title='bbox 1314 2932 1443 3018; x_wconf 84' lang='lat' dir='ltr'><strong>maxi·</strong></span> <span class='ocrx_word' id='word_1_134' title='bbox 1566 3007 1579 3015; x_wconf 59' lang='lat'>„</span> 
     </span>
    </p>
   </div>
   <div class='ocr_carea' id='block_1_6' title="bbox 147 3031 1443 4689">
    <p class='ocr_par' dir='ltr' id='par_1_6' title="bbox 147 3031 1443 4582">
     <span class='ocr_line' id='line_1_20' title="bbox 153 3031 1443 3171; baseline 0.005 -31"><span class='ocrx_word' id='word_1_135' title='bbox 153 3080 229 3140; x_wconf 91' lang='lat' dir='ltr'><strong>me</strong></span> <span class='ocrx_word' id='word_1_136' title='bbox 288 3050 536 3154; x_wconf 88' lang='lat' dir='ltr'><strong>contineant,</strong></span> <span class='ocrx_word' id='word_1_137' title='bbox 587 3051 714 3135; x_wconf 86' lang='lat' dir='ltr'><strong>nescio</strong></span> <span class='ocrx_word' id='word_1_138' title='bbox 760 3075 810 3138; x_wconf 89' lang='lat' dir='ltr'><strong>an</strong></span> <span class='ocrx_word' id='word_1_139' title='bbox 858 3075 941 3137; x_wconf 91' lang='lat' dir='ltr'><strong>non</strong></span> <span class='ocrx_word' id='word_1_140' title='bbox 971 3056 1018 3140; x_wconf 89' lang='lat' dir='ltr'><strong>ad</strong></span> <span class='ocrx_word' id='word_1_141' title='bbox 1051 3031 1156 3141; x_wconf 70' lang='lat' dir='ltr'><strong>hunc&#39;</strong></span> <span class='ocrx_word' id='word_1_142' title='bbox 1183 3059 1342 3171; x_wconf 92' lang='lat' dir='ltr'><strong>scopum</strong></span> <span class='ocrx_word' id='word_1_143' title='bbox 1373 3065 1443 3146; x_wconf 89' lang='lat' dir='ltr'><strong>de-</strong></span> 
     </span>
     <span class='ocr_line' id='line_1_21' title="bbox 154 3175 1443 3295; baseline 0.008 -29"><span class='ocrx_word' id='word_1_144' title='bbox 154 3180 457 3266; x_wconf 80' lang='lat' dir='ltr'><strong>monstrationes</strong></span> <span class='ocrx_word' id='word_1_145' title='bbox 501 3175 760 3264; x_wconf 78' lang='lat' dir='ltr'><strong>arithmeticae</strong></span> <span class='ocrx_word' id='word_1_146' title='bbox 799 3182 931 3265; x_wconf 88' lang='lat' dir='ltr'><strong>multo</strong></span> <span class='ocrx_word' id='word_1_147' title='bbox 959 3186 1081 3295; x_wconf 85' lang='lat' dir='ltr'><strong>magis</strong></span> <span class='ocrx_word' id='word_1_148' title='bbox 1114 3187 1186 3272; x_wconf 83' lang='lat' dir='ltr'><strong>sint</strong></span> <span class='ocrx_word' id='word_1_149' title='bbox 1216 3213 1443 3276; x_wconf 89' lang='lat' dir='ltr'><strong>accommo-</strong></span> 
     </span>
     <span class='ocr_line' id='line_1_22' title="bbox 154 3307 1443 3416; baseline 0.007 -23"><span class='ocrx_word' id='word_1_150' title='bbox 154 3311 304 3394; x_wconf 83' lang='lat' dir='ltr'><strong>datae:</strong></span> <span class='ocrx_word' id='word_1_151' title='bbox 352 3311 392 3392; x_wconf 91' lang='lat' dir='ltr'><strong>in</strong></span> <span class='ocrx_word' id='word_1_152' title='bbox 440 3309 501 3393; x_wconf 85' lang='lat' dir='ltr'><strong>his</strong></span> <span class='ocrx_word' id='word_1_153' title='bbox 538 3307 646 3392; x_wconf 88' lang='lat' dir='ltr'><strong>enim</strong></span> <span class='ocrx_word' id='word_1_154' title='bbox 675 3309 803 3394; x_wconf 91' lang='lat' dir='ltr'><strong>molto</strong></span> <span class='ocrx_word' id='word_1_155' title='bbox 831 3313 970 3394; x_wconf 88' lang='lat' dir='ltr'><strong>maiori</strong></span> <span class='ocrx_word' id='word_1_156' title='bbox 999 3336 1086 3394; x_wconf 88' lang='lat' dir='ltr'><strong>cura</strong></span> <span class='ocrx_word' id='word_1_157' title='bbox 1118 3315 1172 3400; x_wconf 87' lang='lat' dir='ltr'><strong>est</strong></span> <span class='ocrx_word' id='word_1_158' title='bbox 1202 3319 1443 3416; x_wconf 82' lang='lat' dir='ltr'><strong>cauendum,</strong></span> 
     </span>
     <span class='ocr_line' id='line_1_23' title="bbox 149 3434 1440 3556; baseline 0.007 -34"><span class='ocrx_word' id='word_1_159' title='bbox 149 3463 204 3522; x_wconf 85' lang='lat' dir='ltr'><strong>ne</strong></span> <span class='ocrx_word' id='word_1_160' title='bbox 237 3465 262 3521; x_wconf 89' lang='lat' dir='ltr'><strong>a</strong></span> <span class='ocrx_word' id='word_1_161' title='bbox 297 3437 530 3549; x_wconf 68' lang='lat' dir='ltr'><strong>praescriptis</strong></span> <span class='ocrx_word' id='word_1_162' title='bbox 558 3434 792 3544; x_wconf 84' lang='lat' dir='ltr'><strong>Logicorum</strong></span> <span class='ocrx_word' id='word_1_163' title='bbox 824 3438 959 3548; x_wconf 84' lang='lat' dir='ltr'><strong>regulis</strong></span> <span class='ocrx_word' id='word_1_164' title='bbox 982 3439 1218 3544; x_wconf 85' lang='lat' dir='ltr'><strong>aberremus,</strong></span> <span class='ocrx_word' id='word_1_165' title='bbox 1258 3448 1440 3556; x_wconf 86' lang='lat' dir='ltr'><strong>quoniam</strong></span> 
     </span>
     <span class='ocr_line' id='line_1_24' title="bbox 152 3563 1438 3684; baseline 0.009 -35"><span class='ocrx_word' id='word_1_166' title='bbox 152 3566 393 3678; x_wconf 87' lang='lat' dir='ltr'><strong>plerumque</strong></span> <span class='ocrx_word' id='word_1_167' title='bbox 426 3567 540 3649; x_wconf 86' lang='lat' dir='ltr'><strong>nimis</strong></span> <span class='ocrx_word' id='word_1_168' title='bbox 566 3563 624 3646; x_wconf 81' lang='lat' dir='ltr'><strong>esi</strong></span> <span class='ocrx_word' id='word_1_169' title='bbox 655 3564 824 3666; x_wconf 82' lang='lat' dir='ltr'><strong>difficile,</strong></span> <span class='ocrx_word' id='word_1_170' title='bbox 855 3569 894 3649; x_wconf 88' lang='lat' dir='ltr'><strong>in</strong></span> <span class='ocrx_word' id='word_1_171' title='bbox 942 3591 1113 3651; x_wconf 88' lang='lat' dir='ltr'><strong>errorem</strong></span> <span class='ocrx_word' id='word_1_172' title='bbox 1164 3594 1243 3654; x_wconf 89' lang='lat' dir='ltr'><strong>non</strong></span> <span class='ocrx_word' id='word_1_173' title='bbox 1276 3573 1438 3684; x_wconf 87' lang='lat' dir='ltr'><strong>proiabi.</strong></span> 
     </span>
     <span class='ocr_line' id='line_1_25' title="bbox 151 3693 1443 3812; baseline 0.004 -31"><span class='ocrx_word' id='word_1_174' title='bbox 151 3693 319 3781; x_wconf 88' lang='lat' dir='ltr'><strong>Deinde</strong></span> <span class='ocrx_word' id='word_1_175' title='bbox 349 3717 449 3778; x_wconf 79' lang='lat' dir='ltr'><strong>tero</strong></span> <span class='ocrx_word' id='word_1_176' title='bbox 481 3694 587 3777; x_wconf 79' lang='lat' dir='ltr'><strong>huius</strong></span> <span class='ocrx_word' id='word_1_177' title='bbox 617 3695 766 3800; x_wconf 80' lang='lat' dir='ltr'><strong>generis</strong></span> <span class='ocrx_word' id='word_1_178' title='bbox 797 3694 1137 3784; x_wconf 83' lang='lat' dir='ltr'><strong>demonstrationes</strong></span> <span class='ocrx_word' id='word_1_179' title='bbox 1163 3699 1443 3812; x_wconf 81' lang='lat' dir='ltr'><strong>arithmeticae,</strong></span> 
     </span>
     <span class='ocr_line' id='line_1_26' title="bbox 147 3809 1441 3940; baseline 0.006 -33"><span class='ocrx_word' id='word_1_180' title='bbox 147 3823 288 3910; x_wconf 87' lang='lat' dir='ltr'><strong>multo</strong></span> <span class='ocrx_word' id='word_1_181' title='bbox 338 3823 528 3906; x_wconf 70' lang='lat' dir='ltr'><strong>traintem</strong></span> <span class='ocrx_word' id='word_1_182' title='bbox 560 3819 758 3905; x_wconf 82' lang='lat' dir='ltr'><strong>sollertiam</strong></span> <span class='ocrx_word' id='word_1_183' title='bbox 790 3839 832 3904; x_wconf 89' lang='lat' dir='ltr'><strong>et</strong></span> <span class='ocrx_word' id='word_1_184' title='bbox 862 3809 1103 3931; x_wconf 80' lang='lat' dir='ltr'><strong>sagacitatem</strong></span> <span class='ocrx_word' id='word_1_185' title='bbox 1138 3823 1277 3935; x_wconf 85' lang='lat' dir='ltr'><strong>ingenii</strong></span> <span class='ocrx_word' id='word_1_186' title='bbox 1310 3831 1441 3940; x_wconf 83' lang='lat' dir='ltr'><strong>posiu·</strong></span> 
     </span>
     <span class='ocr_line' id='line_1_27' title="bbox 147 3947 1438 4064; baseline 0.007 -27"><span class='ocrx_word' id='word_1_187' title='bbox 147 3951 249 4063; x_wconf 81' lang='lat' dir='ltr'><strong>lant,</strong></span> <span class='ocrx_word' id='word_1_188' title='bbox 284 3975 407 4064; x_wconf 88' lang='lat' dir='ltr'><strong>quam</strong></span> <span class='ocrx_word' id='word_1_189' title='bbox 438 3947 722 4060; x_wconf 87' lang='lat' dir='ltr'><strong>geometricae:</strong></span> <span class='ocrx_word' id='word_1_190' title='bbox 770 3951 874 4033; x_wconf 83' lang='lat' dir='ltr'><strong>rode</strong></span> <span class='ocrx_word' id='word_1_191' title='bbox 905 3953 969 4060; x_wconf 89' lang='lat' dir='ltr'><strong>qui</strong></span> <span class='ocrx_word' id='word_1_192' title='bbox 1001 3953 1042 4035; x_wconf 91' lang='lat' dir='ltr'><strong>in</strong></span> <span class='ocrx_word' id='word_1_193' title='bbox 1071 3951 1132 4035; x_wconf 83' lang='lat' dir='ltr'><strong>iris</strong></span> <span class='ocrx_word' id='word_1_194' title='bbox 1159 3953 1265 4039; x_wconf 80' lang='lat' dir='ltr'><strong>sterit</strong></span> <span class='ocrx_word' id='word_1_195' title='bbox 1293 3961 1438 4046; x_wconf 81' lang='lat' dir='ltr'><strong>exerci-</strong></span> 
     </span>
     <span class='ocr_line' id='line_1_28' title="bbox 148 4077 1440 4189; baseline 0.007 -24"><span class='ocrx_word' id='word_1_196' title='bbox 148 4100 260 4185; x_wconf 55' lang='lat' dir='ltr'><strong>tatos</strong></span> <span class='ocrx_word' id='word_1_197' title='bbox 294 4081 417 4189; x_wconf 81' lang='lat' dir='ltr'><strong>longe</strong></span> <span class='ocrx_word' id='word_1_198' title='bbox 457 4077 593 4160; x_wconf 82' lang='lat' dir='ltr'><strong>facilius</strong></span> <span class='ocrx_word' id='word_1_199' title='bbox 623 4101 793 4162; x_wconf 83' lang='lat' dir='ltr'><strong>errorem</strong></span> <span class='ocrx_word' id='word_1_200' title='bbox 824 4079 865 4161; x_wconf 91' lang='lat' dir='ltr'><strong>in</strong></span> <span class='ocrx_word' id='word_1_201' title='bbox 895 4079 1153 4164; x_wconf 89' lang='lat' dir='ltr'><strong>ratiocinando</strong></span> <span class='ocrx_word' id='word_1_202' title='bbox 1185 4083 1246 4167; x_wconf 84' lang='lat' dir='ltr'><strong>usu</strong></span> <span class='ocrx_word' id='word_1_203' title='bbox 1277 4087 1440 4174; x_wconf 66' lang='lat' dir='ltr'><strong>mortus</strong></span> 
     </span>
     <span class='ocr_line' id='line_1_29' title="bbox 150 4205 1442 4320; baseline 0.005 -26"><span class='ocrx_word' id='word_1_204' title='bbox 150 4209 341 4320; x_wconf 82' lang='lat' dir='ltr'><strong>etritabit,</strong></span> <span class='ocrx_word' id='word_1_205' title='bbox 382 4206 520 4318; x_wconf 75' lang='lat' dir='ltr'><strong>sibique</strong></span> <span class='ocrx_word' id='word_1_206' title='bbox 549 4226 745 4315; x_wconf 85' lang='lat' dir='ltr'><strong>prorutum</strong></span> <span class='ocrx_word' id='word_1_207' title='bbox 778 4205 964 4290; x_wconf 87' lang='lat' dir='ltr'><strong>ratiocinii</strong></span> <span class='ocrx_word' id='word_1_208' title='bbox 996 4205 1104 4292; x_wconf 74' lang='lat' dir='ltr'><strong>usum</strong></span> <span class='ocrx_word' id='word_1_209' title='bbox 1139 4212 1267 4298; x_wconf 89' lang='lat' dir='ltr'><strong>multo</strong></span> <span class='ocrx_word' id='word_1_210' title='bbox 1302 4222 1442 4302; x_wconf 73' lang='lat' dir='ltr'><strong>certius</strong></span> 
     </span>
     <span class='ocr_line' id='line_1_30' title="bbox 152 4333 1437 4451; baseline 0.005 -31"><span class='ocrx_word' id='word_1_211' title='bbox 152 4334 423 4451; x_wconf 78' lang='lat' dir='ltr'><strong>comparabit.</strong></span> <span class='ocrx_word' id='word_1_212' title='bbox 515 4337 657 4446; x_wconf 82' lang='lat' dir='ltr'><strong>Atque,</strong></span> <span class='ocrx_word' id='word_1_213' title='bbox 689 4333 745 4420; x_wconf 92' lang='lat' dir='ltr'><strong>ob</strong></span> <span class='ocrx_word' id='word_1_214' title='bbox 776 4333 871 4446; x_wconf 82' lang='lat' dir='ltr'><strong>haec</strong></span> <span class='ocrx_word' id='word_1_215' title='bbox 909 4354 991 4448; x_wconf 84' lang='lat' dir='ltr'><strong>tam</strong></span> <span class='ocrx_word' id='word_1_216' title='bbox 1023 4335 1180 4445; x_wconf 81' lang='lat' dir='ltr'><strong>inignia</strong></span> <span class='ocrx_word' id='word_1_217' title='bbox 1211 4347 1437 4446; x_wconf 90' lang='lat' dir='ltr'><strong>commoda,</strong></span> 
     </span>
     <span class='ocr_line' id='line_1_31' title="bbox 149 4465 1440 4582; baseline 0.002 -29"><span class='ocrx_word' id='word_1_218' title='bbox 149 4465 476 4579; x_wconf 77' lang='lat' dir='ltr'><strong>perlustratione</strong></span> <span class='ocrx_word' id='word_1_219' title='bbox 504 4483 658 4564; x_wconf 76' lang='lat' dir='ltr'><strong>normae</strong></span> <span class='ocrx_word' id='word_1_220' title='bbox 693 4486 942 4554; x_wconf 88' lang='lat' dir='ltr'><strong>numerorum</strong></span> <span class='ocrx_word' id='word_1_221' title='bbox 973 4466 1156 4578; x_wconf 82' lang='lat' dir='ltr'><strong>minime</strong></span> <span class='ocrx_word' id='word_1_222' title='bbox 1170 4469 1440 4582; x_wconf 87' lang='lat' dir='ltr'><strong>relinquendae</strong></span> 
     </span>
    </p>

    <p class='ocr_par' dir='ltr' id='par_1_7' title="bbox 779 4595 1439 4689">
     <span class='ocr_line' id='line_1_32' title="bbox 779 4595 1439 4689; baseline 0.012 -7"><span class='ocrx_word' id='word_1_223' title='bbox 779 4595 920 4682; x_wconf 72' lang='lat' dir='ltr'><strong>Are</strong></span> <span class='ocrx_word' id='word_1_224' title='bbox 1092 4648 1095 4652; x_wconf 93' lang='lat'><em>-</em></span> <span class='ocrx_word' id='word_1_225' title='bbox 1300 4599 1439 4689; x_wconf 85' lang='lat' dir='ltr'><strong>uiden·</strong></span> 
     </span>
    </p>
   </div>
   <div class='ocr_carea' id='block_1_7' title="bbox 0 0 2235 5924">
    <p class='ocr_par' dir='ltr' id='par_1_8' title="bbox 0 0 2235 5924">
     <span class='ocr_line' id='line_1_33' title="bbox 0 0 2235 5924; baseline 0 0"><span class='ocrx_word' id='word_1_226' title='bbox 0 0 2235 5924; x_wconf 95' lang='lat' dir='ltr'><strong> </strong></span> 
     </span>
    </p>
   </div>
  </div>
 </body>
</html>
