4459 5925
192 494 233 515 ‘⁰
353 483 1252 600 'interstruunt-attero.
1362 480 1452 619 '415

188 748 320 818 natura
351 729 416 817 hic
450 734 589 819 molita
618 735 701 842 til,
737 759 788 821 cx
821 732 1030 845 peduncnlo
1062 734 1100 817 in
1132 727 1295 818 linctum
1328 739 1462 822 ducere

190 861 321 945 debuit
349 859 503 967 succos,
537 887 617 945 non
647 882 793 947 tautum
827 861 939 945 solius
970 858 1128 965 surdius,
1160 862 1219 946 led
1249 878 1292 945 et
1321 863 1463 949 ttondit

187 1004 232 1069 tt
262 1010 504 1093 gemmatum
535 989 782 1074 floriferamm
831 986 1089 1099 procreationi
1138 988 1336 1073 idoneos.·
1383 987 1463 1095 ,Et

186 1110 337 1195 dundee
363 1116 519 1223 quidem
552 1115 627 1201 hac
658 1121 802 1200 ratione
831 1138 886 1199 ex
933 1114 1021 1223 ipfis
1062 1112 1240 1200 fructibus
1288 1140 1464 1201 nonuun-

185 1262 302 1348 quam
335 1242 498 1350 prodire,
530 1244 569 1325 in
599 1243 773 1359 pirorum
805 1242 999 1350 exemplis
1025 1239 1129 1355 supra
1145 1244 1322 1329 vidimu.
1383 1242 1465 1326 Ve-

186 1388 276 1449 tum
308 1363 388 1451 illas
417 1369 566 1458 ioudts
597 1392 745 1478 practer
782 1368 869 1453 lolia
908 1370 1027 1451 florea
1061 1369 1182 1453 adhuc
1223 1368 1465 1481 procreaffe.

185 1490 225 1575 id
258 1516 330 1575 nec
363 1518 491 1599 mea,
510 1519 580 1581 uec
610 1495 768 1604 aliorum
801 1496 1062 1580 obseruatione
1093 1496 1251 1579 constat.
1348 1498 1466 1617 Quic-

185 1617 277 1730 quid
309 1616 450 1703 horum
476 1618 552 1726 fit,
586 1619 616 1704 fi
647 1623 688 1706 in
719 1622 849 1715 nostro
877 1623 1065 1730 exemplo
1094 1622 1135 1704 id
1164 1623 1359 1733 contigille
1392 1646 1465 1737 ve·

185 1768 271 1829 rum
311 1744 383 1852 fit,
436 1744 642 1855 peduncnli
679 1745 802 1855 aliqua
832 1746 1120 1829 continuatione
1151 1747 1191 1828 in
1220 1770 1311 1832 eum
1343 1772 1465 1877 usque

184 1870 346 1976 locum,
378 1870 445 1955 rbi
475 1874 580 1957 irone
608 1892 650 1955 et
680 1896 840 1981 gemma
872 1873 1103 1964 uisebantur,
1134 1888 1231 1984 opus
1260 1893 1352 1961 erat.
1417 1870 1465 1961 ld

177 2020 284 2108 'vcro
315 2012 577 2109 repeteret,
608 2000 784 2109 penitiori
816 1986 1047 2109 inspectione
1078 2024 1182 2109 opus*
1205 2018 1294 2087 crat.
1369 1998 1463 2089 Dit—
1488 2003 1559 2083 Τὼ
1583 2004 1646 2087 xl.

186 2122 396 2212 {ediquem
443 2124 569 2236 ireque
615 2124 756 2210 institui
807 2126 913 2210 iuxta
952 2123 1119 2211 frontem
1158 2128 1429 2236 gemmiferam
1448 2122 1464 2238 ¹,
1481 2107 1554 2213 ΠΕ·
1571 2126 1669 2199 ³·4·'

186 2272 234 2335 vt
265 2253 330 2337 illa
359 2249 568 2361 dispertiret
607 2272 689 2338 tam
726 2252 1007 2365 titiunculum,
1055 2278 1169 2363 quam
1200 2280 1391 2365 pomum,
1422 2258 1465 2341 itr

184 2379 276 2464 duaa
307 2398 432 2489 prope
463 2380 635 2490 aequales
662 2400 806 2489 parter,
840 2404 911 2463 nec
943 2377 1019 2465 vua
1051 2380 1198 2463 rrtione
1230 2379 1466 2492 thalamum,

185 2507 264 2590 liuc
293 2505 574 2615 receptaculum
606 2506 793 2592 seminum
826 2503 1021 2611 laederet,
1070 2504 1256 2617 limulque
1296 2506 1466 2619 parceret
1637 2598 1654 2619 Ὅ

154 2630 342 2735 ιῙιαοοάἰ,
387 2631 416 2717 fi
463 2630 561 2719 forte
607 2657 731 2751 pomo
764 2630 977 2747 profirndiur
1006 2630 1041 2714 se
1069 2630 1284 2722 insinuaret.
1379 2634 1466 2721 llac
1647 2620 1655 2633 ’

186 2756 357 2842 sectione
388 2761 540 2869 patuit,
577 2761 750 2846 frondem
778 2779 924 2846 tantum
957 2780 1036 2841 oon
1065 2760 1108 2841 in
1142 2762 1315 2846 mediam
1347 2766 1465 2873 rsque'

188 2886 301 2994 pomi
341 2904 494 2994 partem
530 2885 774 3001 penetratio,
827 2907 865 2970 et
902 2911 972 2998 per
1011 2907 1130 2969 raum
1171 2884 1329 2971 thalami
1362 2884 1470 2973 locu·

186 3012 300 3116 lum,
357 3009 497 3096 semen·
543 3019 700 3098 unicum
742 3016 903 3098 effetum
950 3013 1215 3120 condentem,
1258 3011 1467 3120 tranfiilse,

188 3139 404 3247 ibidemque
454 3141 588 3226 multis
621 3141 662 3222 in
693 3141 774 3225 einr
806 3137 1045 3224 substantiam
1079 3139 1225 3223 circum
1258 3141 1357 3226 circa
1377 3140 1468 3224 im·
1622 3150 1628 3166 '

191 3264 308 3350 millis
338 3267 507 3351 radiculis
535 3271 671 3354 sedem
692 3261 854 3372 firriii‘e,
886 3274 982 3351 cirta
1008 3263 1196 3349 liundem
1216 3286 1313 3350 vero
1343 3268 1471 3352 secun·

189 3395 284 3476 dum
298 3410 440 3488 ,totam
471 3394 771 3506 longitudinem,
803 3396 929 3505 quoad
958 3389 1138 3478 incarne
1167 3393 1473 3502 pont-delituit,

188 3521 351 3628 aliquam
382 3521 586 3606 uanitatem
618 3520 823 3625 exstitiffe,
864 3545 960 3630 quae
992 3541 1031 3604 et
1063 3520 1151 3604 hinc
1182 3518 1335 3626 ulterius
1366 3518 1475 3603 lion·

188 3649 240 3728 tie
274 3669 387 3728 vacua
417 3646 482 3731 sub
511 3649 664 3757 angulo,
693 3648 739 3730 ad
775 3643 1038 3755 pedunculum,
1069 3647 1145 3730 flue
1179 3647 1473 3752 produciionem

162 3815 165 3820 ·
191 3774 271 3856 eius
290 3774 331 3854 in
349 3796 522 3883 carnem,
547 3795 659 3870 anuto
690 3775 915 3883 penetrauit,
947 3793 988 3856 et
1012 3793 1124 3858 acuto
1145 3770 1231 3856 -fine
1274 3773 1473 3866 terminata
1613 3816 1618 3825 ·

190 3895 262 3980 cst.
360 3899 524 3989 Parietes
558 3923 678 4012 ροπο,
707 3901 815 3986 huns
844 3902 1013 3985 cauitatia
1037 3919 1120 3982 tam
1151 3887 1320 4007 uacuae,
1356 3921 1474 4008 quam

187 4022 369 4112 frondem
400 4031 652 4132 continente,
684 4028 863 4112 vetustate
897 4027 1014 4110 reltrti
1039 4025 1172 4110 callofi
1202 4048 1323 4111 erant.

349 4181 396 4257 3.
427 4156 599 4242 Aderant
627 4157 786 4267 quinque
817 4154 978 4241 thalami
1007 4152 1154 4250 loculi,
1182 4171 1224 4239 et
1255 4155 1294 4236 in
1326 4151 1477 4262 lingulis

187 4278 330 4387 fingtrla
361 4278 544 4394 semina,
596 4284 666 4366 tria
695 4282 848 4392 optime
885 4279 1162 4386 conformata,
1211 4283 1290 4368 duo
1328 4281 1474 4385 effeta,

185 4427 244 4491 ex
284 4427 445 4519 quorum
491 4409 807 4525 qualiumcunque
853 4400 1060 4524 praesentia
1107 4425 1193 4496 tuto
1238 4407 1463 4493 concludere

1320 4641 1330 4646 -
1370 4529 1477 4642 licet,
