4459 5925
204 469 540 604 TENTAMEN
569 470 875 604 retonuit
904 471 983 601 nn
1012 504 1201 608 omer.
1224 526 1296 609 etr.
1331 510 1437 635 339⁴

138 719 410 827 mortemne.
510 726 849 863 saturataque
896 740 940 826 in
969 757 1082 829 motu
1114 740 1179 831 sno
1209 742 1429 839 huiusmodi

142 866 333 953 obstacula
362 863 545 984 offendat,
558 869 742 979 'quorum
773 870 814 953 in
843 865 1014 957 Theona
1046 869 1146 958 nuta
1175 875 1275 959 ratio
1307 872 1426 960 fuerit

139 994 297 1099 habita,
360 986 504 1079 miru'm
556 1013 637 1090 non
684 996 828 1109 est,·fi
857 1016 1014 1085 euentus
1061 996 1256 1086 Theonoe
1289 1024 1425 1113 parum

138 1122 375 1237 respondeat.
622 1144 629 1156 ’
990 1168 993 1173 -
1493 1215 1495 1219 ,

298 1278 344 1356 3.
396 1247 542 1369 Quodii
591 1267 722 1339 autem
770 1242 872 1340 hane
919 1270 1047 1341 motus
1091 1252 1423 1369 diminutionem,

137 1402 252 1489 qnam
282 1401 379 1489 aqua
424 1378 466 1461 in
514 1379 611 1464 urbis
662 1384 833 1491 patitur,
882 1384 1056 1469 attentius
1107 1385 1424 1494 perpendamus,

135 1506 282 1591 nulium
313 1505 425 1615 piane
454 1502 612 1591 dentum
643 1506 863 1618 relinquitur
877 1548 911 1609 ,·
941 1511 1031 1621 quin
1081 1531 1128 1593 ea
1149 1532 1201 1613 ¹a
1232 1510 1420 1621 fridione,

133 1630 194 1716 seu
224 1633 354 1722 attritu
383 1652 502 1741 aquae
542 1630 590 1719 ad
621 1633 738 1717 latera
788 1636 886 1740 tubi,
941 1629 1214 1745 profictscatur.
1316 1635 1422 1725 Cum

130 1760 241 1845 enim
264 1778 434 1868 eorpota
464 1754 609 1862 sotira,
659 1760 755 1845 dum
786 1760 895 1870 snper
927 1760 1048 1868 plania
1077 1764 1319 1871 quantumuis
1345 1791 1420 1877 pn·

128 1886 213 1971 litis
263 1900 573 1998 promouentur‚
621 1885 809 1995 infignem
841 1886 1081 1973 refistentiam
1114 1888 1169 1971 ob
1197 1886 1421 1977 dictionem

129 2011 365 2125 offendant,
413 2010 549 2108 fimiiir
569 2012 734 2128 effeetus
767 2014 808 2097 in
840 2034 952 2098 motu
983 2014 1204 2121 fluidomm,
1236 2034 1434 2129 quatenns¹
1505 2017 1509 2023 ’

126 2141 178 2226 ad
208 2141 322 2227 [arent
354 2138 562 2241 orborum,
595 2158 666 2250 per
687 2163 796 2251 -qnoe
823 2141 1023 2251 uanseunt,
1056 2160 1286 2253 atteruntur,
1318 2146 1412 2231 oriri

125 2268 274 2376 debet,
326 2267 437 2352 ende·
474 2264 581 2352 fluidi
631 2286 763 2352 mutue
812 2270 1050 2355 retardetura
1100 2294 1154 2353 ex
1185 2297 1264 2384 quo
1297 2272 1418 2358 etiam
1525 2284 1530 2289 '

123 2396 263 2481 rtatim
298 2394 547 2509 perspicitur,
578 2392 677 2477 hane
707 2395 1004 2483 tenrdnionem
1036 2414 1088 2478 eo
1118 2398 1311 2489 maiorem
1337 2393 1418 2482 effe

116 2522 304 2633 debere,
326 2544 417 2636 *quo
447 2520 569 2612 maius
597 2514 758 2631 spatium
788 2542 882 2633 aqua
915 2522 955 2603 in
986 2521 1087 2605 tubis
1119 2541 1333 2631 percurrere
1350 2548 1419 2613 co·

119 2666 450 2761 grumorum
479 2647 589 2733 timul
620 2641 802 2734 ardiorer
830 2646 968 2732 neunt
996 2647 1058 2732 isti
1090 2647 1186 2734 tubi.
1415 2634 1418 2641 ’

281 2802 326 2879 4.
363 2775 527 2871 Etitmd
556 2793 688 2859 autem
718 2792 840 2861 nemo
889 2772 996 2858 facile
1047 2775 1272 2885 negauerim
1309 2776 1414 2889 quin

121 2919 259 2990 motus
280 2893 499 2989 'fluidorum
516 3007 521 3021 ⁵
533 2904 689 3013 perinde
719 2928 764 2988 ar
795 2903 998 2988 solidorum
1031 2901 1198 2989 dictioni
1243 2904 1292 3016 fit
1341 2906 1416 2989 ob-

120 3031 300 3136 noxius,
350 3050 464 3142 atque
511 3030 628 3112 etiam
664 3029 835 3140 plerique
869 3031 1073 3136 unctores,
1103 3032 1168 3142 qui
1202 3051 1292 3116 ante
1327 3054 1415 3116 me-

122 3179 327 3244 moratum
361 3176 490 3242 motus
528 3156 846 3241 imminutionem
896 3159 1274 3250 animaduerterunt,
1320 3169 1412 3244 eam

119 3285 330 3372 manifesto
358 3275 529 3370 sartioni
562 3284 754 3392 tribuunt,
789 3282 912 3368 nuilus
941 3308 1073 3369 eorum
1105 3304 1256 3399 tamen,
1290 3310 1414 3396 quan·

117 3435 213 3502 tum
248 3403 346 3499 mihi
377 3412 531 3528 quidem
561 3411 729 3515 constat,
762 3411 863 3522 leges
894 3409 1003 3494 huius
1031 3411 1218 3495 metionis
1247 3411 1313 3496 uel
1343 3413 1409 3496 de·
1487 3413 1490 3420 ’
1541 3465 1542 3468 ¹

119 3530 366 3648 terminumn,
401 3538 467 3623 uel
500 3538 632 3623 saitem
675 3540 893 3647 inuestigare
922 3539 974 3620 est
1000 3519 1186 3622 'conatue
1283 3540 1411 3656 Quam

118 3666 301 3754 obrem
336 3661 424 3752 cum
456 3667 546 3752 haec
580 3667 849 3750 determinatio
883 3665 1042 3748 ntaximi
1093 3665 1137 3748 iit
1188 3668 1409 3774 momenti,

119 3799 149 3883 st
183 3796 403 3881 Theoriam
437 3796 484 3878 ad
518 3796 652 3903 prnxin
684 3793 979 3878 accommodare
1013 3792 1210 3895 velimus,
1243 3816 1407 3902 operam

119 3928 260 4034 dabo,
302 3943 347 4008 ut
376 3919 453 4005 hoc
484 3943 782 4029 argumentum,
835 3939 1015 4031 quantum
1047 3921 1099 4001 ob
1131 3919 1293 4003 summas
1326 3921 1411 4032 qui·

119 4055 196 4139 bus
230 4053 435 4137 inuoluitur
463 4044 701 4132 difficultates
719 4046 848 4156 ‚tfieri
880 4047 989 4154 iicet,
1023 4070 1096 4158 pro
1129 4045 1271 4130 uiribus
1302 4046 1409 4158 euol-¹

119 4209 222 4268 uam
255 4200 367 4290 atque
397 4177 593 4262 illustrem.
729 4187 734 4194 '
1043 4236 1046 4241 ,

289 4331 331 4410 ς.
365 4315 421 4389 Ac
456 4304 588 4416 primo
619 4304 773 4416 quidem
804 4330 895 4388 cum
926 4303 1083 4388 dubium
1136 4302 1181 4384 stt
1227 4302 1408 4411 nullum,

41 4429 44 4434 ⁵
118 4439 220 4552 quin
252 4435 442 4525 minimae
474 4433 682 4522 fluidorum
733 4432 939 4544 particulae
989 4456 1060 4543 pto
1110 4429 1231 4513 solidis
1276 4428 1408 4512 haberi

775 4558 858 4642 Vt
894 4584 919 4638 2
1254 4573 1407 4665 queant,
