4459 5925
558 462 713 594 ‘aiis
745 470 821 575 (ο
853 466 869 591 )
902 456 1050 593 aiat
1397 469 1457 573 ἐυ

764 696 821 784 ν.

189 793 519 1047 ¹Explicatio
583 884 981 1045 experimenti
1009 858 1324 1045 paradoxi,
1353 890 1359 899 “
1387 875 1463 999 de

302 1050 528 1173 ascensu
568 1055 703 1171 coni
743 1048 978 1217 duplicis
1018 1050 1348 1215 spontaneo,

94 1482 99 1490 Ι
251 1386 255 1393 -
315 1250 582 1425 Auiiore
621 1298 701 1425 G.
736 1303 849 1428 W.
881 1290 1087 1429 Krafft.
1122 1341 1179 1465 p.
1211 1304 1341 1471 389.

183 1592 332 1833 Etsi
359 1616 520 1709 aseensus
550 1644 735 1737 apparens
760 1638 897 1733 totae,
930 1622 1066 1709 axibus
1088 1620 1239 1709 'conicis
1257 1619 1478 1736 praeditae,-

181 1829 186 1840 .
319 1768 383 1833 aut
413 1754 504 1836 coni
536 1742 724 1864 duplicia,
752 1752 897 1837 duobus
935 1750 1065 1861 'planis
1102 1750 1289 1839 inclinatis
1340 1751 1468 1835 diuet·

186 1876 365 1982 gentibus
401 1878 602 1987 impositi,
660 1880 802 1963 mirum
850 1880 1022 1964 uideatur
1071 1868 1372 1989 phaenomenon
1418 1876 1467 1961 ad

190 2003 369 2109 prirnum
400 2005 610 2112 intuitum,
643 2006 880 2116 peritioribus
913 2027 1041 2089 tamen
1081 2023 1121 2091 et
1154 2005 1332 2090 attentius
1380 2028 1465 2087 rem
1610 2065 1612 2068 -

183 2126 507 2217 considerantibus
552 2136 692 2241 partlm
743 2133 889 2243 negotii
921 2155 1049 2215 create
1098 2132 1225 2243 potuit
1272 2128 1469 2241 perspice-

183 2274 266 2359 ae,
299 2252 443 2343 interea
475 2260 571 2343 dum
602 2282 720 2343 conus
752 2280 815 2343 aut
849 2276 934 2343 rota
966 2260 1149 2343 eiusmodi
1184 2260 1309 2369 uerius
1341 2273 1470 2366 partes
1645 2293 1649 2299 <

182 2378 416 2467 eleuatiorea
444 2384 641 2468 ostendere
671 2386 852 2490 uidetur,
892 2383 1008 2467 totius
1053 2384 1243 2493 aggregati
1292 2401 1469 2465 centrum

183 2502 391 2608 grauitatis
418 2524 512 2583 vere
543 2501 797 2604 descendere,
826 2517 866 2581 et
898 2502 1071 2583 inferiora
1104 2524 1250 2607 petere.
1313 2500 1473 2589 Alicte·

182 2647 234 2711 re
267 2607 422 2707 inteiim
456 2622 527 2705 uix
543 2620 789 2728 dubitamus,
821 2630 1005 2707 mancam
1030 2622 1134 2706 sitisse
1174 2624 1467 2733 phaenomeni·,
1539 2717 1548 2724 ,
1597 2686 1602 2693 -

181 2749 299 2834 cuius
328 2748 369 2829 in
403 2745 584 2858 plerisque
624 2744 905 2858 Philosophiam
949 2749 1159 2832 naturalem
1198 2751 1472 2859 explicantibus

181 2876 298 2961 libris
325 2874 491 2957 iniicitur
521 2871 706 2983 menti0,
739 2874 1074 2984 explicationem,
1104 2894 1311 2987 antequam
1345 2904 1469 2988 eam,

177 3025 307 3114 quam
340 2999 403 3085 hic
435 3000 521 3086 orbi
551 3001 701 3085 euadito
731 2999 903 3111 fallimus,
920 3003 1210 3112 disquisitionem
1239 3005 1291 3088 b.·
1316 3005 1471 3092 Auctor

180 3129 413 3214 milituetat.
478 3125 565 3211 Iure
606 3129 712 3211 enim
754 3128 970 3238 meritoque
1011 3131 1092 3214 talis
1140 3128 1248 3214 huius
1299 3131 1473 3240 phaeno-

186 3257 303 3344 meni
333 3251 540 3366 explicatio
569 3251 765 3336 defiderari
796 3273 982 3364 poterat,
1010 3271 1112 3366 'quae
1144 3279 1223 3343 non
1254 3257 1374 3340 solum
1399 3249 1472 3367 ge·

177 3382 356 3470 nerano
387 3380 633 3486 ostenderet,
663 3377 746 3463 fieti
776 3381 951 3487 debere,
980 3407 1078 3491 quac
1112 3379 1193 3463 fieri
1224 3382 1311 3464 aliu
1341 3381 1470 3492 ‘expe

183 3509 342 3611 rimor,
373 3508 434 3593 sed
466 3507 619 3610 etiam,
655 3529 722 3590 cur
753 3523 793 3589 et
831 3508 1031 3620 quomodo
1061 3504 1114 3592 ita
1145 3503 1248 3620 fiat,
1292 3507 1486 3597 dil'tinlie¹

118 3657 124 3661 ·
184 3635 419 3746 explicaret.

333 3760 519 3848 Praestitit
564 3763 641 3848 hoc
674 3763 897 3879 Kraffliut,
929 3781 971 3850 et
1016 3762 1056 3848 in
1108 3761 1348 3877 expediendo
1390 3757 1469 3854 hoe

190 3888 361 3998 negotio
391 3888 551 4000 sequenti
580 3893 727 4006 tatione
759 3890 948 4000 procellit.
1010 3887 1226 4002 Supponit
1250 3895 1362 4004 plana
1400 3895 1472 3979 ‘di-

186 4018 427 4126 vergeotia‚
459 4016 594 4129 quibua
621 4016 800 4129 imposita
829 4020 883 4104 est
911 4037 1026 4126 rota,
1056 4038 1122 4103 aut
1162 4043 1312 4126 conus,
1362 4017 1481 4132 hori-q

187 4143 402 4246 nonalia,
434 4139 548 4254 atque
578 4135 661 4229 turn
693 4143 846 4256 inquirit
873 4144 914 4230 in
951 4147 1130 4251 causam,
1179 4172 1248 4233 cur
1296 4147 1471 4257 prouoiui

185 4269 281 4354 iam
310 4269 446 4353 de’beat
475 4295 624 4360 conus,
654 4263 757 4356 eam'
781 4276 977 4383 regionem
1011 4276 1135 4358 uersus
1156 4338 1169 4382 ‚
1193 4270 1321 4358 uersus
1353 4297 1483 4382 quam¹

53 4473 56 4480 ,
181 4395 315 4518 plana
330 4397 541 4508 diuetgunt.
579 4393 761 4508 Concipit
776 4423 819 4484 ea
848 4417 1034 4517 propter,
1048 4399 1201 4486 ttanfire
1221 4423 1293 4514 per
1320 4394 1467 4480 remam

262 4519 776 4642 ‚NouCommTomVL
852 4585 856 4592 -
939 4573 942 4580 .
1053 4547 1078 4610 e
1366 4519 1471 4630 hori<
