4459 5925
798 562 893 660 rao
958 611 961 617 ,
1053 474 1830 631 [comtemtores

791 762 963 862 'limium
980 761 1080 872 bn,
1095 756 1162 845 die
1179 738 1345 857 sementi
1360 722 1526 819 cessant.
1554 700 1690 832 Arpis
1705 726 1858 824 quoqne
1888 696 2080 814 prunum

804 902 1078 995 decreuemnt,
1106 899 1148 969 et
1165 868 1406 985 limpidiores
1423 854 1646 957 euaserunt,
1679 861 1779 956 quae
1794 838 1956 923 durante
1970 830 2082 915 iucres
2173 900 2174 903 γ

804 1046 941 1119 mento
973 1004 1236 1105 turbidissimae
1266 1012 1387 1083 etant.

962 1208 1065 1324 Quia
1101 1195 1246 1309 Aprilis
1281 1144 1370 1291 da,
1404 1170 1578 1266 incendio
1611 1160 1746 1265 uuo,
1797 1152 2014 1239 barometru
2043 1165 2079 1231 et
2173 1198 2174 1211 κ

812 1342 1098 1430 thermometra
1138 1321 1263 1409 amissa
1293 1312 1410 1411 sunt,
1446 1320 1494 1387 tt
1525 1302 1608 1382 iam
1633 1284 1891 1387 monuimus,
1942 1276 2079 1388 potiorr
2173 1352 2174 1377 ζ

811 1490 962 1557 notum
996 1476 1169 1546 meteora
1220 1440 1409 1531 mensrbus
1443 1420 1673 1540 sequentibus
1702 1417 1802 1499 sunt.
1832 1424 1993 1511 notan,
2034 1424 2075 1486 cr

813 1597 942 1713 quibus
973 1583 1165 1703 potissima
1194 1568 1460 1663 iudicabimus.

967 1778 1068 1869 Maii
1103 1786 1128 1863 1
1163 1768 1291 1883 prima
1324 1754 1451 1875 pluuia
1482 1740 1647 1857 cecidit3
1681 1758 1796 1853 porro
1811 1732 1853 1841 d.
1889 1734 1948 1813 16
1979 1748 2075 1811 manc

819 1913 964 2027 pluuia,
994 1894 1095 1993 circa
1127 1895 1330 2014 meridiem
1365 1901 1494 1969 autem
1529 1892 1570 1959 et
1588 1868 1780 1981 uesperam
1813 1860 1919 1944 niues
1946 1852 2074 1939 cecide-

693 2038 697 2044 ’
820 2059 944 2147 mut,
976 2051 1074 2147 quae
1105 2020 1257 2137 quidem
1290 2009 1411 2101 breui
1432 1998 1548 2092 rurscu
1578 1992 1717 2082 solutae
1747 1991 1855 2094 sunt,
1899 1982 1960 2069 sed
1987 2002 2080 2091 pto·

821 2186 907 2280 pter
939 2162 1028 2276 gelu
1058 2175 1160 2244 mox
1192 2144 1399 2255 insequens,
1428 2132 1546 2220 flores
1574 2126 1653 2210 iam
1694 2120 1736 2206 in
1765 2110 1910 2223 campis
1937 2103 2077 2217 copiose

818 2306 1129 2403 comparentes,
1189 2270 1338 2361 tanturn
1387 2285 1467 2348 non
1516 2275 1656 2342 omnes
1704 2247 1863 2359 periere.
1886 2296 1903 2363 ι,
1959 2231 2079 2322 blense

822 2417 940 2506 lunio
970 2434 1011 2500 et
1038 2408 1143 2495 Iulio
1172 2398 1272 2485 nibil
1303 2382 1557 2482 memorabile
1575 2374 1763 2485 occurrit,
1796 2364 1938 2455 ruenda
1966 2378 2080 2446 autem

823 2542 984 2658 Augusti
1001 2539 1147 2625 initium
1183 2530 1223 2611 in
1240 2526 1342 2609 Tura
1360 2518 1455 2604 urbe
1482 2502 1751 2615 memorabile,
1779 2494 1866 2611 quir
1880 2490 2079 2577 vadmodum

824 2673 1011 2763 seruidum
1030 2682 1071 2751 et
1109 2658 1281 2743 serenum
1299 2665 1390 2735 erat.
1449 2638 1651 2749 Praecipue
1677 2651 1781 2717 tero
1807 2622 1864 2709 ob
1894 2618 2081 2707 anritem-

824 2826 896 2916 pur
926 2796 1110 2885 aestiuum
1143 2777 1320 2870 notabilis
1348 2772 1403 2861 cll
1431 2788 1567 2857 aurora
1595 2758 1775 2865 borealis,
1805 2771 1904 2865 quae
1935 2744 1995 2831 firb
2018 2741 2081 2825 iui-

822 2930 925 3016 tium
951 2916 1110 3033 Augusti
1126 2907 1316 3025 adparuit.
1380 2896 1515 2989 Nocte
1544 2890 1684 2977 scilicet
1699 2888 1796 2972 iuter
1814 2906 1839 2961 2
1859 2896 1899 2964 et
1925 2902 1950 2980 3
1971 2871 2081 2966 brot

825 3079 869 3169 p·
903 3075 963 3142 m.
993 3047 1145 3136 circiter
1178 3041 1236 3124 ·iu
1281 3031 1446 3144 regione
1484 3017 1682 3125 NNW,
1711 3016 1837 3100 trabes
1865 3009 1991 3117 ignore
2017 2999 2082 3084 de·

824 3205 911 3268 ecm
940 3197 1006 3266 aut
1034 3168 1222 3259 wdecim
1252 3160 1301 3248 ab
1332 3156 1534 3244 horizonte
1562 3148 1611 3234 ad
1641 3136 1850 3228 notabilem
1867 3127 2084 3218 altintdineor

827 3307 1059 3418 surgebant,
1109 3319 1183 3380 nec
1221 3284 1432 3376 admodum
1464 3278 1673 3377 micantes,
1706 3291 1778 3354 nec
1810 3280 1923 3351 motu
1953 3259 1993 3339 in
2018 3251 2087 3336 sen·

829 3436 886 3522 sus
918 3435 1132 3519 incurrente
1158 3417 1323 3525 donrti,
1358 3413 1487 3524 igneus
1517 3421 1667 3492 tantum
1694 3392 1872 3508 splendor
1909 3381 2088 3471 interduo

747 3591 754 3602 ·
831 3562 1068 3673 augebatur,
1106 3547 1300 3636 interdurn
1339 3532 1654 3624 imminuebatur.
1717 3521 1897 3608 Tandem
1935 3509 2089 3624 spatium

831 3688 996 3774 trabibus
1046 3683 1303 3788 intemeptum
1349 3683 1475 3754 rtrum
1506 3654 1704 3772 paullatim
1742 3645 1890 3752 euafit,
1923 3638 1989 3752 qui
2024 3651 2093 3720 atet

831 3815 941 3902 color
985 3808 1096 3898 breui
1142 3819 1323 3914 tempore
1369 3815 1460 3878 cum
1492 3788 1581 3900 ipsis
1609 3777 1775 3870 trabibus
1801 3765 2097 3859 communicatus

832 3940 919 4050 est,
965 3937 1071 4026 ende
1122 3929 1284 4041 denique
1313 3937 1398 4008 tota
1443 3917 1555 4027 regio
1593 3929 1673 3998 atra
1704 3903 1831 3994 euafit.
1894 3891 1971 3985 Sed
2021 3885 2096 4004 poll

833 4068 959 4181 aliqua
1000 4077 1200 4152 momenta
1249 4071 1380 4140 totum
1416 4047 1564 4132 coelum
1595 4039 1754 4126 nubibus
1782 4023 1997 4119 obdunun
2028 4016 2075 4102 cll
2090 4037 2124 4106 .‘

836 4222 915 4308 quo
963 4213 1142 4303 ternpore
1189 4203 1227 4271 et
1254 4199 1329 4269 rna
1344 4192 1470 4264 'antea
1503 4169 1611 4282 regio
1641 4166 1805 4260 eundem
1837 4177 1930 4242 cum
1964 4147 2103 4255 reliquo

837 4324 949 4409 coelo
978 4320 1154 4406 colorem
1184 4307 1376 4413 obtinuit,
1408 4305 1449 4390 id
1481 4297 1586 4412 tptod
1618 4292 1753 4385 accidit
1783 4286 1827 4374 h.
1867 4285 1944 4376 rr}
1974 4303 2017 4387 p.
2048 4295 2105 4358 m.

839 4446 1027 4542 Ceterum
1056 4446 1184 4538 senne
1211 4438 1308 4533 a'e'ris
1337 4433 1472 4526 debu
1501 4421 1734 4542 sequendus
1761 4431 1887 4512 munte
1917 4417 2028 4510 erat,
2064 4413 2105 4538 st

1170 4623 1175 4630 .
1979 4546 2109 4619 omli!
