4459 5925
770 538 858 621 or
908 465 1211 619 neretum
1237 526 1325 615 nr
1355 516 1467 617 Vsrf
1491 510 1977 617 oesnrtsrtmmrr

762 759 966 847 arcuerat
995 759 1102 842 eninr
1137 752 1381 858 samarius,
1414 754 1452 841 se
1484 774 1538 839 ex
1570 752 1708 838 eodem
1742 750 1848 835 fonte
1881 750 2048 838 aliorum

764 914 917 1003 quoque
948 888 1253 971 Theoremarum
1286 884 1628 986 demonstrationes
1652 879 1825 987 hausisse,
1850 883 1961 965 cuiue
1980 908 2051 991 ge·

766 1021 867 1102 neris
911 1015 1017 1114 sunt,
1066 1016 1168 1124 quod
1218 1014 1345 1097 omnir
1393 1034 1571 1097 numerus
1593 998 1597 1006 ’
1619 1009 1765 1121 integer
1814 989 1860 1095 sir
1899 1010 2049 1093 summa

766 1150 883 1231 trium
900 1143 1187 1254 ‘pauciorumne
1215 1162 1468 1225 numerornm
1502 1139 1783 1250 trigonalium;
1816 1136 1912 1221 item
1947 1137 2050 1248 quod

762 1273 900 1358 omnis
951 1294 1128 1351 numerus
1165 1274 1310 1377 integer
1341 1268 1385 1352 stt
1414 1270 1563 1352 summa
1594 1269 1759 1377 quinque
1792 1268 1858 1350 vel
1889 1269 2050 1377 paucio·

768 1425 857 1485 rum
890 1420 1142 1480 numerorum
1176 1396 1519 1506 pentagonlliurn3
1554 1400 1649 1479 itetn
1682 1398 1746 1477 sex
1777 1400 2053 1504 pauciorumue

770 1549 1021 1612 numerorum
1055 1525 1383 1633 hexagoualium,
1423 1544 1463 1609 et
1492 1526 1545 1607 ira
1578 1546 1698 1633 porro
1729 1526 1777 1605 de
1809 1525 1955 1633 reliquia
1985 1544 2053 1606 nu·

773 1658 889 1742 meris
919 1654 1213 1761 polygonalibus
1246 1652 1284 1736 in
1314 1651 1522 1736 infinitum.
1582 1646 1671 1761 Ego
1706 1674 1801 1733 vero
1829 1650 1975 1734 etiamsi
2001 1676 2054 1734 re·
2187 1716 2188 1758 ,

772 1782 1004 1867 solutionem
1040 1780 1218 1890 cuiusque
1252 1786 1401 1864 numeri
1436 1783 1476 1863 in
1507 1802 1667 1891 quatuor
1699 1780 1921 1889 pauciorrue
1963 1802 2062 1891 qua·

774 1896 881 1996 araia
923 1906 1210 2015 monstrari,
1248 1926 1407 1992 remen
1450 1900 1613 1993 ornnem
1656 1894 1792 1993 adime¹
1821 1928 1987 2019 operam
2019 1910 2059 1993 in

776 2038 852 2123 isiis
903 2033 1046 2148 reliquis
1086 2036 1390 2120 theorematibus
1428 2036 1729 2121 demonstrandis
1759 2036 1934 2121 inutiliter
1965 2057 2061 2121 con·

776 2164 908 2255 unu,
939 2188 1061 2276 neque
1089 2164 1173 2249 vilo
1205 2165 1477 2249 modoetiam
1512 2186 1610 2249 nunc
1643 2158 1770 2247 sarltem
1789 2166 2058 2251 resolutionem

775 2294 926 2377 intres
957 2295 1200 2403 paucioresue
1234 2292 1434 2401 trigonaler
1472 2296 1670 2378 ostendere
1721 2294 1862 2405 pomi,
1911 2282 2065 2379 etiamsi

778 2446 824 2505 er
860 2420 1071 2530 srmplicior
1101 2422 1307 2523 rideatur,
1352 2442 1466 2530 quam
1498 2420 1674 2507 resolutio
1704 2420 1743 2503 in
1776 2440 1938 2533 quantor
1970 2442 2060 2535 pan

779 2553 932 2632 rioraue
983 2552 1172 2659 quadrat-a.
1266 2548 1415 2633 Verum
1452 2570 1489 2633 er
1518 2550 1589 2633 lias
1616 2552 1782 2635 eximias
1811 2570 2059 2636 numerorum
2191 2567 2192 2581 ¹

781 2678 1034 2789 proprietates
1055 2675 1280 2761 »sermatiae
1311 2674 1436 2761 multo
1468 2698 1557 2762 rnre
1587 2699 1656 2789 per
1686 2676 1949 2765 induclionern
1968 2700 2063 2765 con·

779 2802 921 2891 cluslffe
971 2806 1024 2888 eli
1077 2793 1289 2913 putandus,
1339 2808 1453 2916 quam
1495 2830 1556 2891 eas
1586 2802 1842 2893 demonstrare
1872 2794 2062 2893 didicerit.

783 2934 851 3020 Ex
877 2933 1011 3042 ·qoibus
1038 2935 1185 3016 merito
1215 2931 1445 3044 colligimur,
1478 2934 1518 3018 in
1553 2952 1801 3022 numeroram
1824 2937 1952 3022 indole
1971 2932 2065 3020 scm·

784 3063 896 3146 tanda
929 3060 1184 3144 obseruationi
1218 3083 1257 3145 er
1292 3061 1518 3168 inaudioni,
1555 3067 1617 3148 cul
1648 3085 1785 3150 ornnes
1815 3063 1884 3150 has
1908 3065 2067 3176 elegan-

784 3190 941 3274 ritsnnas
973 3194 1222 3298 proprietates
1252 3211 1439 3302 acceptas·
1458 3191 1596 3276 referre
1613 3195 1816 3300 debemus,
1850 3191 2064 3306 plurimum

784 3313 1169 3427 acerrimorum
1220 3321 1380 3429 ideoque
1413 3345 1462 3402 ne
1493 3343 1592 3405 nunc
1626 3319 1777 3432 quidem
1806 3325 1858 3407 ab
1888 3321 1967 3408 hoc
2003 3339 2064 3406 ne-

785 3446 901 3555 gotio
921 3445 1082 3528 ulterius
1116 3447 1377 3556 prosequendo
1408 3449 1479 3533 else
1511 3451 1772 3534 desistendum.
1838 3449 1926 3537 Hoc
1959 3449 2066 3534 enim

786 3575 913 3657 modo
945 3575 1199 3684 pertingimus
1232 3579 1278 3658 acl
1311 3579 1527 3662 huiusmodi
1559 3578 1842 3687 proprietatum·
1877 3581 2069 3690 cognitio·

788 3710 882 3782 uetn
906 3753 917 3794 ,
945 3723 1042 3806 qnae
1071 3706 1159 3783 alias
1189 3703 1294 3783 nobis
1327 3719 1522 3813 perpetuo
1543 3709 1695 3814 ignotae
1725 3701 1975 3818 mansilient3
2027 3727 2070 3789 ac

791 3843 876 3911 tunt
909 3826 1064 3907 demum
1096 3829 1338 3912 occasionem
1373 3831 1621 3918 nanciscimur
1660 3835 1722 3921 ad.
1742 3833 2072 3946 inuestignrinnem

706 3953 712 3962 “
790 3955 1160 4037 demonstrationum
1229 3961 1325 4040 vires
1381 3961 1520 4044 nostras
1577 3961 1830 4074 intendendi3
1896 3961 2077 4052 ueritates

793 4105 960 4187 natuque
991 4085 1189 4204 pleraeque
1224 4084 1330 4168 huius
1369 4091 1515 4198 generis
1562 4091 1611 4171 ita
1663 4089 1742 4172 lum
1788 4109 2078 4201 comparatae,

795 4233 837 4290 vr
881 4212 982 4316 prius
1022 4209 1171 4320 agnosci
1213 4213 1414 4323 debeant,
1460 4235 1572 4326 quam
1623 4219 1871 4302 demonstrari
1924 4221 2079 4329 possint.

793 4339 978 4466 errrmttis
1009 4361 1138 4420 autern
1174 4339 1391 4425 huiuamodi
1423 4347 1635 4456 proprietas
1667 4363 1735 4453 per
1771 4346 1951 4430 allidttatn
2007 4347 2082 4434 ob·

794 4465 1043 4550 struatiouern
1076 4469 1187 4550 suerit
1220 4469 1511 4578 animaduersa,
1544 4496 1638 4587 quae
1665 4492 1734 4586 per
1767 4477 1803 4559 se
1838 4469 1960 4560 menti
1997 4499 2085 4562 non

1939 4625 2089 4716 parum
