4459 5925
804 576 901 658 444
1088 512 1838 627 occultissimorum

948 770 1060 861 Circa
1093 766 1136 851 h.
1171 782 1241 847 ιο.
1277 784 1318 870 p.
1353 782 1409 845 m.
1452 754 1525 841 diei
1559 775 1608 860 5,
1659 747 1757 837 radii
1805 744 1937 855 pintus
1984 742 2092 833 lucidi
2174 786 2175 805 ι

807 901 1029 991 immobiles
1063 893 1156 980 ΝΟ
1188 888 1310 972 uersus
1337 880 1693 993 conspiciebantur,
1747 872 1830 958 satit
1874 872 2017 975 prozni
2046 876 2088 959 ab

811 1020 1016 1120 horimnte
1065 1023 1280 1131 surgentes,
1329 1014 1625 1123 septentrionem
1676 1000 1800 1088 terso
1834 998 1988 1085 summa
2015 1020 2091 1085 etat
2174 1062 2175 1105 s

815 1161 962 1265 ealig03
1014 1152 1165 1235 coelum
1212 1162 1342 1225 armen
1373 1140 1475 1245 breui
1508 1136 1595 1247 post
1621 1136 1735 1217 etiam
1768 1128 1854 1234 ibi,
1905 1128 1972 1211 rbi
2001 1126 2089 1213 radii

815 1280 1010 1392 conspicui
1026 1294 1154 1378 crant,
1186 1286 1312 1359 totum
1340 1262 1606 1349 obfuscabatur.
1645 1256 1903 1363 ventre-01,
1917 1254 2089 1341 drettu-

817 1427 988 1497 mcttum
1029 1398 1426 1511 ¹55‚b³10metr⁰ffl
1463 1396 1533 1473 26.‘
1565 1408 1639 1493 97.

969 1592 1071 1680 Halo
1110 1591 1208 1675 circa
1255 1585 1386 1674 lunam
1425 1578 1628 1693 conspecta
1666 1575 1736 1662 sitit
1774 1572 1913 1687 pallida
1961 1572 1997 1658 d.
2032 1586 2080 1661 εδ

818 1726 920 1815 circa
969 1723 1109 1809 horam
1159 1715 1387 1825 septimam,
1430 1718 1471 1820 p'.
1507 1734 1565 1795 m.
1600 1729 1694 1817 quae
1724 1704 1862 1788 horam
1897 1700 2084 1786 dimidiam

806 1844 969 1940 ¹dotauit
1021 1840 1213 1931 'coetum
1246 1848 1437 1925 orientem
1470 1837 1591 1919 versor
1623 1836 1663 1917 in
1690 1834 1849 1943 regione
1877 1828 1987 1913 lunae
2014 1826 2084 1913 sib·

819 1980 988 2065 serenum
1031 1993 1126 2058 etat.
1202 1964 1315 2053 Circa
1355 1969 1396 2051 h.
1437 1988 1488 2043 11
1536 1986 1642 2047 arcus
1687 1958 1828 2045 lucidus
1876 1958 2086 2066 scptcnrrio·

821 2132 917 2193 nem
967 2099 1089 2185 versis
1135 2096 1340 2205 adparebat
1390 2092 1436 2176 ad
1468 2112 1526 2195 ρο
1567 2090 1698 2199 grados
1734 2088 1882 2170 circiter
1915 2084 2086 2192 eleeto,

822 2233 946 2349 spatio
975 2232 1074 2314 inter
1103 2247 1232 2309 arcum
1263 2241 1302 2307 et
1331 2221 1576 2306 horizontem
1610 2211 1879 2299 obscurissimo.

976 2415 1217 2507 Nouembris
1248 2411 1388 2498 mentis
1418 2408 1554 2517 integri
1586 2402 1864 2494 obseruatione
1892 2402 1935 2488 in
1968 2398 2088 2493 uteo

828 2548 933 2665 gensi
965 2544 1210 2633 munimento
1241 2543 1320 2627 sunt
1354 2538 1611 2624 concinnatae.

973 2752 1191 2864 Baromctri
1232 2752 1403 2839 maxima
1443 2750 1602 2839 altitudo
1633 2750 1701 2835 fuit
1732 2767 1867 2835 notam·
1896 2748 1936 2835 d.
1967 2770 2031 2834 ro.
2051 2745 2087 2835 b.

827 2894 873 2970 6.
904 2910 939 2972 a.
972 2908 1029 2970 m.
1066 2904 1137 2987 27.
1155 2904 1226 2988 57,
1260 2883 1543 2968 thetmometro
1579 2900 1689 2994 195,
1720 2898 1844 2964 uento
1873 2900 1959 2986 oo,
1987 2878 2088 2961 coeio

824 3015 970 3100 sereno
1044 3011 1215 3096 Minima
1264 3031 1390 3094 autem
1444 3015 1599 3091 2652.
1631 3011 1669 3092 d.
1708 3027 1781 3106 23.
1814 3006 1856 3092 h.
1892 3029 1932 3087 2.
1969 3031 2005 3113 p.
2034 3027 2088 3088 ut.

827 3143 942 3228 coeio
972 3137 1129 3246 nubilo,
1148 3138 1235 3222 niue
1256 3139 1437 3238 cadente,
1456 3135 1746 3222 thermomcrro
1768 3141 1868 3238 168,
1885 3151 2000 3218 vento
2013 3130 2092 3218 Sa.

861 3413 865 3423 .
979 3348 1271 3434 Thermomctti
1305 3347 1438 3458 gradus
1467 3344 1615 3456 frigoris
1650 3344 1814 3430 maiores
1858 3341 1935 3430 hoc
1980 3335 2095 3447 mense

830 3479 957 3568 notati
1002 3480 1041 3564 d.
1079 3495 1119 3575 a.
1164 3474 1202 3558 h.
1246 3481 1288 3556 6.
1326 3498 1362 3561 a.
1404 3499 1485 3558 m·
1515 3492 1626 3574 205,
1673 3471 1893 3558 bammetro
1953 3456 2097 3576 2247,

832 3627 954 3694 rento
971 3629 1058 3707 00,
1088 3600 1203 3687 coeio
1234 3602 1375 3688 sereno
1407 3598 1464 3686 D.
1503 3619 1559 3704 ος
1589 3619 1628 3685 et
1659 3607 1716 3679 26
1747 3600 1880 3712 gradus
1913 3607 1999 3682 218
2031 3595 2099 3680 ob·

831 3733 1015 3835 seruatus,
1046 3732 1306 3814 barometrum
1339 3755 1363 3814 a
1396 3729 1459 3815 die
1491 3749 1545 3832 25
1583 3727 1632 3812 ad
1667 3750 1724 3832 27
1760 3727 2099 3824 intimaturi-1.

841 3877 899 3961 17
934 3859 982 3942 ad
1017 3879 1088 3959 27.
1124 3881 1200 3961 μ.
1265 3853 1380 3942 Circa
1411 3858 1610 3943 meridiem
1644 3851 1684 3938 d.
1714 3877 1770 3955 27
1803 3853 1915 3967 frigus
1943 3853 1992 3937 ad
2024 3873 2101 3951 270

833 3987 974 4088 creuit,
1008 3985 1049 4069 h.
1088 4011 1128 4068 2.
1163 4012 1204 4094 p.
1244 4011 1297 4070 m.
1340 4003 1468 4072 autem
1509 3985 1587 4068 iam
1614 4001 1709 4067 crat
1746 4001 1848 4090 195,
1882 4001 2000 4092 quem
2027 4001 2103 4089 grc-

834 4116 930 4202 dum
978 4115 1055 4196 iam
1105 4111 1192 4224 post
1242 4112 1382 4196 horam
1430 4111 1633 4196 dimidiam
1683 4109 1930 4196 monstrabat.
1992 4104 2043 4190 Η.
2059 4109 2104 4188 6.

834 4265 871 4326 a.
907 4267 962 4325 m.
1006 4256 1087 4322 etat
1121 4249 1226 4324 ωε.
1270 4237 1415 4325 Ventus
1442 4237 1590 4354 semper
1617 4235 1690 4322 sitit
1723 4261 1817 4352 00,
1847 4237 2109 4324 barnam

840 4389 914 4471 27·
951 4386 1028 4473 32,
1061 4363 1351 4500 coelo‘nubilo.
1639 4387 1640 4391 ‘

1979 4553 2116 4648 unt·
