<?xml version="1.0" encoding="UTF-8"?>
<!DOCTYPE html PUBLIC "-//W3C//DTD XHTML 1.0 Transitional//EN"
    "http://www.w3.org/TR/xhtml1/DTD/xhtml1-transitional.dtd">
<html xmlns="http://www.w3.org/1999/xhtml" xml:lang="en" lang="en">
 <head>
  <title>
</title>
<meta http-equiv="Content-Type" content="text/html;charset=utf-8" />
  <meta name='ocr-system' content='tesseract 3.04.00' />
  <meta name='ocr-capabilities' content='ocr_page ocr_carea ocr_par ocr_line ocrx_word'/>
</head>
<body>
  <div class='ocr_page' id='page_1' title='image "./novicommentarii14sssrgoog_0206.png"; bbox 0 0 4459 5925; ppageno 0'>
   <div class='ocr_carea' id='block_1_1' title="bbox 777 440 1789 627">
    <p class='ocr_par' dir='ltr' id='par_1_1' title="bbox 777 440 1789 627">
     <span class='ocr_line' id='line_1_1' title="bbox 777 440 1789 627; baseline -0.01 -16"><span class='ocrx_word' id='word_1_1' title='bbox 777 530 877 627; x_wconf 69' lang='lat' dir='ltr'>n56&gt;</span> <span class='ocrx_word' id='word_1_2' title='bbox 919 440 923 445; x_wconf 95' lang='lat'>·</span> <span class='ocrx_word' id='word_1_3' title='bbox 1036 508 1329 611; x_wconf 51' lang='lat' dir='ltr'>nomios</span> <span class='ocrx_word' id='word_1_4' title='bbox 1381 505 1789 606; x_wconf 62' lang='lat' dir='ltr'>demandarat</span> 
     </span>
    </p>
   </div>
   <div class='ocr_carea' id='block_1_2' title="bbox 774 734 2071 969">
    <p class='ocr_par' dir='ltr' id='par_1_2' title="bbox 774 734 2071 969">
     <span class='ocr_line' id='line_1_2' title="bbox 775 734 2071 857; baseline -0.008 -21"><span class='ocrx_word' id='word_1_5' title='bbox 775 756 829 838; x_wconf 92' lang='lat' dir='ltr'>ob</span> <span class='ocrx_word' id='word_1_6' title='bbox 874 751 972 837; x_wconf 89' lang='lat' dir='ltr'>hanc</span> <span class='ocrx_word' id='word_1_7' title='bbox 1019 750 1177 834; x_wconf 83' lang='lat' dir='ltr'>caulam</span> <span class='ocrx_word' id='word_1_8' title='bbox 1222 740 1469 857; x_wconf 85' lang='lat' dir='ltr'>problemata·</span> <span class='ocrx_word' id='word_1_9' title='bbox 1497 740 1771 857; x_wconf 81' lang='lat' dir='ltr'>Diophautaea:</span> <span class='ocrx_word' id='word_1_10' title='bbox 1794 735 1844 855; x_wconf 83' lang='lat' dir='ltr'>ip</span> <span class='ocrx_word' id='word_1_11' title='bbox 1866 734 1937 827; x_wconf 86' lang='lat' dir='ltr'>has</span> <span class='ocrx_word' id='word_1_12' title='bbox 1966 736 2071 829; x_wconf 53' lang='lat' dir='ltr'>duas*</span> 
     </span>
     <span class='ocr_line' id='line_1_3' title="bbox 774 874 1991 969; baseline -0.021 0"><span class='ocrx_word' id='word_1_13' title='bbox 774 884 914 969; x_wconf 70' lang='lat' dir='ltr'>alalies,</span> <span class='ocrx_word' id='word_1_14' title='bbox 931 880 1097 965; x_wconf 82' lang='lat' dir='ltr'>distribui</span> <span class='ocrx_word' id='word_1_15' title='bbox 1127 878 1276 963; x_wconf 84' lang='lat' dir='ltr'>debere.</span> <span class='ocrx_word' id='word_1_16' title='bbox 1300 874 1499 959; x_wconf 80' lang='lat' dir='ltr'>ridentur..</span> <span class='ocrx_word' id='word_1_17' title='bbox 1949 906 1991 919; x_wconf 84' lang='lat'>·-</span> 
     </span>
    </p>
   </div>
   <div class='ocr_carea' id='block_1_3' title="bbox 637 1074 2189 4117">
    <p class='ocr_par' dir='ltr' id='par_1_3' title="bbox 777 1074 2073 1445">
     <span class='ocr_line' id='line_1_4' title="bbox 928 1074 2073 1191; baseline -0.006 -26"><span class='ocrx_word' id='word_1_18' title='bbox 928 1110 971 1165; x_wconf 78' lang='lat' dir='ltr'>a.</span> <span class='ocrx_word' id='word_1_19' title='bbox 1003 1076 1260 1191; x_wconf 80' lang='lat' dir='ltr'>Diophantus-</span> <span class='ocrx_word' id='word_1_20' title='bbox 1278 1082 1447 1189; x_wconf 85' lang='lat' dir='ltr'>quidem</span> <span class='ocrx_word' id='word_1_21' title='bbox 1471 1076 1555 1189; x_wconf 87' lang='lat' dir='ltr'>ipse</span> <span class='ocrx_word' id='word_1_22' title='bbox 1578 1074 2073 1187; x_wconf 61' lang='lat' dir='ltr'>omnirrmzquaellionunr,</span> 
     </span>
     <span class='ocr_line' id='line_1_5' title="bbox 777 1206 2069 1323; baseline -0.009 -27"><span class='ocrx_word' id='word_1_23' title='bbox 777 1236 869 1323; x_wconf 81' lang='lat' dir='ltr'>quas</span> <span class='ocrx_word' id='word_1_24' title='bbox 900 1212 1066 1311; x_wconf 72' lang='lat' dir='ltr'>tractat,</span> <span class='ocrx_word' id='word_1_25' title='bbox 1099 1208 1313 1292; x_wconf 82' lang='lat' dir='ltr'>solutiones.</span> <span class='ocrx_word' id='word_1_26' title='bbox 1334 1230 1481 1291; x_wconf 90' lang='lat' dir='ltr'>tantum</span> <span class='ocrx_word' id='word_1_27' title='bbox 1517 1206 1787 1317; x_wconf 79' lang='lat' dir='ltr'>specialissimas</span> <span class='ocrx_word' id='word_1_28' title='bbox 1816 1206 1960 1313; x_wconf 84' lang='lat' dir='ltr'>tradit,</span> <span class='ocrx_word' id='word_1_29' title='bbox 1993 1228 2069 1287; x_wconf 82' lang='lat' dir='ltr'>nu·</span> 
     </span>
     <span class='ocr_line' id='line_1_6' title="bbox 780 1334 2073 1445; baseline -0.01 -20"><span class='ocrx_word' id='word_1_30' title='bbox 780 1363 1013 1445; x_wconf 89' lang='lat' dir='ltr'>merosque,</span> <span class='ocrx_word' id='word_1_31' title='bbox 1060 1337 1190 1445; x_wconf 85' lang='lat' dir='ltr'>quibus</span> <span class='ocrx_word' id='word_1_32' title='bbox 1224 1340 1346 1421; x_wconf 80' lang='lat' dir='ltr'>unica.</span> <span class='ocrx_word' id='word_1_33' title='bbox 1369 1334 1514 1419; x_wconf 90' lang='lat' dir='ltr'>solutio</span> <span class='ocrx_word' id='word_1_34' title='bbox 1538 1334 1781 1441; x_wconf 79' lang='lat' dir='ltr'>continetur,</span> <span class='ocrx_word' id='word_1_35' title='bbox 1832 1334 2073 1445; x_wconf 74' lang='lat' dir='ltr'>plerumque:</span> 
     </span>
    </p>

    <p class='ocr_par' dir='ltr' id='par_1_4' title="bbox 664 1458 2074 1831">
     <span class='ocr_line' id='line_1_7' title="bbox 664 1458 2072 1572; baseline -0.005 -22"><span class='ocrx_word' id='word_1_36' title='bbox 664 1507 668 1513; x_wconf 93' lang='lat'>·</span> <span class='ocrx_word' id='word_1_37' title='bbox 779 1466 959 1551; x_wconf 84' lang='lat' dir='ltr'>indicatle</span> <span class='ocrx_word' id='word_1_38' title='bbox 983 1466 1048 1548; x_wconf 85' lang='lat' dir='ltr'>est</span> <span class='ocrx_word' id='word_1_39' title='bbox 1066 1478 1276 1549; x_wconf 78' lang='lat' dir='ltr'>contentus</span> <span class='ocrx_word' id='word_1_40' title='bbox 1367 1466 1515 1572; x_wconf 80' lang='lat' dir='ltr'>Neque</span> <span class='ocrx_word' id='word_1_41' title='bbox 1541 1480 1636 1545; x_wconf 81' lang='lat' dir='ltr'>uero</span> <span class='ocrx_word' id='word_1_42' title='bbox 1667 1464 1756 1547; x_wconf 90' lang='lat' dir='ltr'>eius</span> <span class='ocrx_word' id='word_1_43' title='bbox 1777 1463 1982 1547; x_wconf 83' lang='lat' dir='ltr'>methodus</span> <span class='ocrx_word' id='word_1_44' title='bbox 2012 1458 2072 1543; x_wconf 80' lang='lat' dir='ltr'>ad.</span> 
     </span>
     <span class='ocr_line' id='line_1_8' title="bbox 780 1587 2074 1711; baseline -0.008 -32"><span class='ocrx_word' id='word_1_45' title='bbox 780 1593 848 1686; x_wconf 85' lang='lat' dir='ltr'>has</span> <span class='ocrx_word' id='word_1_46' title='bbox 878 1594 1077 1677; x_wconf 85' lang='lat' dir='ltr'><strong>solutiones</strong></span> <span class='ocrx_word' id='word_1_47' title='bbox 1106 1593 1388 1711; x_wconf 78' lang='lat' dir='ltr'>specialissimas</span> <span class='ocrx_word' id='word_1_48' title='bbox 1409 1590 1590 1703; x_wconf 78' lang='lat' dir='ltr'>adstrisln</span> <span class='ocrx_word' id='word_1_49' title='bbox 1623 1590 1685 1673; x_wconf 88' lang='lat' dir='ltr'>cll</span> <span class='ocrx_word' id='word_1_50' title='bbox 1729 1592 1937 1701; x_wconf 75' lang='lat' dir='ltr'>putanda,</span> <span class='ocrx_word' id='word_1_51' title='bbox 1978 1587 2074 1693; x_wconf 79' lang='lat' dir='ltr'>qula·</span> 
     </span>
     <span class='ocr_line' id='line_1_9' title="bbox 781 1696 2064 1831; baseline -0.007 -26"><span class='ocrx_word' id='word_1_52' title='bbox 781 1748 888 1805; x_wconf 91' lang='lat' dir='ltr'>enrm</span> <span class='ocrx_word' id='word_1_53' title='bbox 923 1720 1010 1804; x_wconf 78' lang='lat' dir='ltr'>tunc&#39;</span> <span class='ocrx_word' id='word_1_54' title='bbox 1043 1725 1230 1831; x_wconf 87' lang='lat' dir='ltr'>temporis</span> <span class='ocrx_word' id='word_1_55' title='bbox 1259 1722 1350 1803; x_wconf 81' lang='lat' dir='ltr'>usus</span> <span class='ocrx_word' id='word_1_56' title='bbox 1369 1696 1622 1827; x_wconf 78' lang='lat' dir='ltr'>litteratum,</span> <span class='ocrx_word' id='word_1_57' title='bbox 1659 1720 1804 1827; x_wconf 90' lang='lat' dir='ltr'>quibus</span> <span class='ocrx_word' id='word_1_58' title='bbox 1822 1718 1971 1801; x_wconf 88' lang='lat' dir='ltr'>numeri</span> <span class='ocrx_word' id='word_1_59' title='bbox 2005 1718 2064 1797; x_wconf 90' lang='lat' dir='ltr'>in·</span> 
     </span>
    </p>

    <p class='ocr_par' dir='ltr' id='par_1_5' title="bbox 691 1841 2072 1977">
     <span class='ocr_line' id='line_1_10' title="bbox 691 1841 2072 1977; baseline -0.007 -42"><span class='ocrx_word' id='word_1_60' title='bbox 691 1900 695 1905; x_wconf 90' lang='lat'><em>-</em></span> <span class='ocrx_word' id='word_1_61' title='bbox 781 1850 941 1935; x_wconf 88' lang='lat' dir='ltr'>definiti</span> <span class='ocrx_word' id='word_1_62' title='bbox 985 1847 1263 1977; x_wconf 76' lang='lat' dir='ltr'>designentur</span> <span class='ocrx_word' id='word_1_63' title='bbox 1303 1851 1486 1935; x_wconf 88' lang='lat' dir='ltr'>nondum</span> <span class='ocrx_word' id='word_1_64' title='bbox 1507 1865 1600 1930; x_wconf 89' lang='lat' dir='ltr'>erat</span> <span class='ocrx_word' id='word_1_65' title='bbox 1616 1869 1806 1956; x_wconf 87' lang='lat' dir='ltr'>receptus,</span> <span class='ocrx_word' id='word_1_66' title='bbox 1840 1841 2072 1929; x_wconf 70' lang='lat' dir='ltr'>huiusmodi⁴</span> 
     </span>
    </p>

    <p class='ocr_par' dir='ltr' id='par_1_6' title="bbox 637 1972 2064 2470">
     <span class='ocr_line' id='line_1_11' title="bbox 637 1972 2064 2089; baseline -0.004 -26"><span class='ocrx_word' id='word_1_67' title='bbox 637 2044 640 2049; x_wconf 82' lang='lat'>.</span> <span class='ocrx_word' id='word_1_68' title='bbox 745 2054 748 2059; x_wconf 93' lang='lat'>.</span> <span class='ocrx_word' id='word_1_69' title='bbox 780 1979 986 2063; x_wconf 85' lang='lat' dir='ltr'>solutiones</span> <span class='ocrx_word' id='word_1_70' title='bbox 1017 1978 1139 2061; x_wconf 91' lang='lat' dir='ltr'>latius.</span> <span class='ocrx_word' id='word_1_71' title='bbox 1156 1996 1360 2089; x_wconf 88' lang='lat' dir='ltr'>patentes,</span> <span class='ocrx_word' id='word_1_72' title='bbox 1410 1975 1536 2088; x_wconf 84' lang='lat' dir='ltr'>quales</span> <span class='ocrx_word' id='word_1_73' title='bbox 1566 1998 1670 2059; x_wconf 86' lang='lat' dir='ltr'>nunc</span> <span class='ocrx_word' id='word_1_74' title='bbox 1695 1979 1864 2085; x_wconf 85' lang='lat' dir='ltr'>quidem.</span> <span class='ocrx_word' id='word_1_75' title='bbox 1890 1972 2064 2057; x_wconf 84' lang='lat' dir='ltr'>exhiberi</span> 
     </span>
     <span class='ocr_line' id='line_1_12' title="bbox 781 2104 2062 2214; baseline -0.005 -23"><span class='ocrx_word' id='word_1_76' title='bbox 781 2108 933 2201; x_wconf 84' lang='lat' dir='ltr'>solent,</span> <span class='ocrx_word' id='word_1_77' title='bbox 964 2108 1011 2187; x_wconf 90' lang='lat' dir='ltr'>ab</span> <span class='ocrx_word' id='word_1_78' title='bbox 1041 2104 1135 2214; x_wconf 89' lang='lat' dir='ltr'>ipso·</span> <span class='ocrx_word' id='word_1_79' title='bbox 1156 2106 1351 2213; x_wconf 72' lang='lat' dir='ltr'>expectari</span> <span class='ocrx_word' id='word_1_80' title='bbox 1384 2131 1474 2189; x_wconf 87' lang='lat' dir='ltr'>non.</span> <span class='ocrx_word' id='word_1_81' title='bbox 1498 2124 1708 2213; x_wconf 86' lang='lat' dir='ltr'>poterant,</span> <span class='ocrx_word' id='word_1_82' title='bbox 1695 2130 1721 2186; x_wconf 73' lang='lat'>⁰,</span> <span class='ocrx_word' id='word_1_83' title='bbox 1749 2105 1899 2187; x_wconf 86' lang='lat' dir='ltr'>interim</span> <span class='ocrx_word' id='word_1_84' title='bbox 1934 2123 2062 2185; x_wconf 89' lang='lat' dir='ltr'>tamen</span> 
     </span>
     <span class='ocr_line' id='line_1_13' title="bbox 783 2230 2063 2345; baseline -0.004 -25"><span class='ocrx_word' id='word_1_85' title='bbox 783 2236 883 2344; x_wconf 83' lang='lat' dir='ltr'>ipsae</span> <span class='ocrx_word' id='word_1_86' title='bbox 916 2232 1123 2336; x_wconf 81' lang='lat' dir='ltr'>methodi,</span> <span class='ocrx_word' id='word_1_87' title='bbox 1162 2235 1291 2344; x_wconf 88' lang='lat' dir='ltr'>quibus</span> <span class='ocrx_word' id='word_1_88' title='bbox 1322 2235 1369 2317; x_wconf 86' lang='lat' dir='ltr'>ad</span> <span class='ocrx_word' id='word_1_89' title='bbox 1403 2231 1588 2345; x_wconf 81' lang='lat' dir='ltr'>quaelibet</span> <span class='ocrx_word' id='word_1_90' title='bbox 1618 2230 1862 2340; x_wconf 80' lang='lat' dir='ltr'>problemata</span> <span class='ocrx_word' id='word_1_91' title='bbox 1895 2231 2063 2327; x_wconf 80' lang='lat' dir='ltr'>soluenda</span> 
     </span>
     <span class='ocr_line' id='line_1_14' title="bbox 780 2358 2064 2503; baseline -0.004 -54.984"><span class='ocrx_word' id='word_1_92' title='bbox 780 2366 938 2465; x_wconf 68' lang='lat' dir='ltr'>utitur,</span> <span class='ocrx_word' id='word_1_93' title='bbox 966 2386 1082 2503; x_wconf 79' lang='lat' dir='ltr'>aeque</span> <span class='ocrx_word' id='word_1_94' title='bbox 1112 2360 1187 2444; x_wconf 84' lang='lat' dir='ltr'>late</span> <span class='ocrx_word' id='word_1_95' title='bbox 1221 2380 1382 2481; x_wconf 87' lang='lat' dir='ltr'>patent,</span> <span class='ocrx_word' id='word_1_96' title='bbox 1435 2384 1562 2502; x_wconf 78' lang='lat' dir='ltr'>quarn</span> <span class='ocrx_word' id='word_1_97' title='bbox 1583 2382 1651 2440; x_wconf 88' lang='lat' dir='ltr'>eae</span> <span class='ocrx_word' id='word_1_98' title='bbox 1671 2386 1809 2469; x_wconf 90' lang='lat' dir='ltr'>,quae</span> <span class='ocrx_word' id='word_1_99' title='bbox 1843 2360 1960 2443; x_wconf 88' lang='lat' dir='ltr'>hodie</span> <span class='ocrx_word' id='word_1_100' title='bbox 1993 2358 2064 2443; x_wconf 81' lang='lat' dir='ltr'>sinn</span> 
     </span>
    </p>

    <p class='ocr_par' dir='ltr' id='par_1_7' title="bbox 703 2467 2075 2599">
     <span class='ocr_line' id='line_1_15' title="bbox 703 2467 2075 2599; baseline -0.003 -25"><span class='ocrx_word' id='word_1_101' title='bbox 703 2539 706 2545; x_wconf 90' lang='lat'><em>-</em></span> <span class='ocrx_word' id='word_1_102' title='bbox 783 2487 827 2575; x_wconf 87' lang='lat' dir='ltr'>in</span> <span class='ocrx_word' id='word_1_103' title='bbox 861 2488 954 2574; x_wconf 76' lang='lat' dir='ltr'>asra:</span> <span class='ocrx_word' id='word_1_104' title='bbox 1005 2488 1094 2596; x_wconf 89' lang='lat' dir='ltr'>quin</span> <span class='ocrx_word' id='word_1_105' title='bbox 1125 2486 1259 2572; x_wconf 86' lang='lat' dir='ltr'>etiam</span> <span class='ocrx_word' id='word_1_106' title='bbox 1278 2467 1399 2593; x_wconf 82' lang='lat' dir='ltr'>saten</span> <span class='ocrx_word' id='word_1_107' title='bbox 1419 2488 1640 2599; x_wconf 78' lang='lat' dir='ltr'>cogimur,</span> <span class='ocrx_word' id='word_1_108' title='bbox 1663 2488 1748 2571; x_wconf 79' lang='lat' dir='ltr'>rix</span> <span class='ocrx_word' id='word_1_109' title='bbox 1764 2486 1931 2599; x_wconf 84' lang='lat' dir='ltr'>vllam</span> <span class='ocrx_word' id='word_1_110' title='bbox 1920 2514 1980 2569; x_wconf 91' lang='grc' dir='ltr'>ιιι</span> <span class='ocrx_word' id='word_1_111' title='bbox 1997 2484 2075 2570; x_wconf 87' lang='lat' dir='ltr'>hae</span> 
     </span>
    </p>

    <p class='ocr_par' dir='ltr' id='par_1_8' title="bbox 771 2596 2189 3628">
     <span class='ocr_line' id='line_1_16' title="bbox 771 2596 2079 2727; baseline -0.01 -26"><span class='ocrx_word' id='word_1_112' title='bbox 771 2598 972 2721; x_wconf 77' lang='lat' dir='ltr'>‘analyleos</span> <span class='ocrx_word' id='word_1_113' title='bbox 1003 2640 1155 2725; x_wconf 82' lang='lat' dir='ltr'>genere</span> <span class='ocrx_word' id='word_1_114' title='bbox 1181 2613 1315 2702; x_wconf 90' lang='lat' dir='ltr'>adhuc.</span> <span class='ocrx_word' id='word_1_115' title='bbox 1356 2617 1446 2699; x_wconf 87' lang='lat' dir='ltr'>else</span> <span class='ocrx_word' id='word_1_116' title='bbox 1482 2615 1728 2721; x_wconf 90' lang='lat' dir='ltr'>inuentam,</span> <span class='ocrx_word' id='word_1_117' title='bbox 1757 2619 1879 2701; x_wconf 89' lang='lat' dir='ltr'>cuius</span> <span class='ocrx_word' id='word_1_118' title='bbox 1909 2596 2079 2727; x_wconf 72' lang='lat' dir='ltr'>relligia:</span> 
     </span>
     <span class='ocr_line' id='line_1_17' title="bbox 783 2736 2070 2859; baseline -0.001 -28"><span class='ocrx_word' id='word_1_119' title='bbox 783 2744 869 2831; x_wconf 83' lang='lat' dir='ltr'>satis</span> <span class='ocrx_word' id='word_1_120' title='bbox 896 2743 1095 2827; x_wconf 88' lang='lat' dir='ltr'>luculenta</span> <span class='ocrx_word' id='word_1_121' title='bbox 1114 2766 1213 2827; x_wconf 92' lang='lat' dir='ltr'>non</span> <span class='ocrx_word' id='word_1_122' title='bbox 1227 2742 1316 2828; x_wconf 91' lang='lat' dir='ltr'>iam</span> <span class='ocrx_word' id='word_1_123' title='bbox 1335 2744 1375 2825; x_wconf 90' lang='lat' dir='ltr'>in</span> <span class='ocrx_word' id='word_1_124' title='bbox 1409 2739 1506 2853; x_wconf 88' lang='lat' dir='ltr'>ipso</span> <span class='ocrx_word' id='word_1_125' title='bbox 1523 2740 1772 2853; x_wconf 80' lang='lat' dir='ltr'>Dioph&#39;anro</span> <span class='ocrx_word' id='word_1_126' title='bbox 1786 2736 2070 2859; x_wconf 72' lang='lat' dir='ltr'>deprehendam</span> 
     </span>
     <span class='ocr_line' id='line_1_18' title="bbox 784 2870 2084 2988; baseline 0 -31"><span class='ocrx_word' id='word_1_127' title='bbox 784 2892 863 2958; x_wconf 88' lang='lat' dir='ltr'>tur.</span> <span class='ocrx_word' id='word_1_128' title='bbox 943 2872 1041 2958; x_wconf 90' lang='lat' dir='ltr'>Non</span> <span class='ocrx_word' id='word_1_129' title='bbox 1088 2870 1299 2967; x_wconf 58' lang='lat' dir='ltr'>obstante,</span> <span class='ocrx_word' id='word_1_130' title='bbox 1290 2872 1406 2982; x_wconf 84' lang='lat' dir='ltr'>igitur</span> <span class='ocrx_word' id='word_1_131' title='bbox 1438 2872 1522 2956; x_wconf 90' lang='lat' dir='ltr'>hac:</span> <span class='ocrx_word' id='word_1_132' title='bbox 1542 2874 2084 2988; x_wconf 75' lang='lat' dir='ltr'>apparente·particularitate</span> 
     </span>
     <span class='ocr_line' id='line_1_19' title="bbox 785 2997 2081 3144; baseline 0.004 -61"><span class='ocrx_word' id='word_1_133' title='bbox 785 3001 1028 3086; x_wconf 87' lang='lat' dir='ltr'>solutionum</span> <span class='ocrx_word' id='word_1_134' title='bbox 1074 2997 1466 3144; x_wconf 86' lang='lat' dir='ltr'>Dioplrantaearum,</span> <span class='ocrx_word' id='word_1_135' title='bbox 1531 2999 1736 3110; x_wconf 82' lang='lat' dir='ltr'>disparitas</span> <span class='ocrx_word' id='word_1_136' title='bbox 1783 3006 2081 3113; x_wconf 85' lang='lat' dir='ltr'>problematum</span> 
     </span>
     <span class='ocr_line' id='line_1_20' title="bbox 779 3125 2070 3250; baseline 0.004 -39"><span class='ocrx_word' id='word_1_137' title='bbox 779 3127 897 3237; x_wconf 68' lang='lat' dir='ltr'>⁸supra</span> <span class='ocrx_word' id='word_1_138' title='bbox 915 3152 1156 3250; x_wconf 85' lang='lat' dir='ltr'>memorata,</span> <span class='ocrx_word' id='word_1_139' title='bbox 1189 3131 1228 3211; x_wconf 90' lang='lat' dir='ltr'>in</span> <span class='ocrx_word' id='word_1_140' title='bbox 1261 3131 1385 3240; x_wconf 88' lang='lat' dir='ltr'>ipso</span> <span class='ocrx_word' id='word_1_141' title='bbox 1375 3155 1466 3212; x_wconf 92' lang='lat' dir='ltr'>ram</span> <span class='ocrx_word' id='word_1_142' title='bbox 1486 3125 1737 3240; x_wconf 90' lang='lat' dir='ltr'>Diophanto</span> <span class='ocrx_word' id='word_1_143' title='bbox 1754 3132 1967 3218; x_wconf 81' lang='lat' dir='ltr'>manifesto</span> <span class='ocrx_word' id='word_1_144' title='bbox 1984 3155 2070 3216; x_wconf 87' lang='lat' dir='ltr'>cer·</span> 
     </span>
     <span class='ocr_line' id='line_1_21' title="bbox 785 3241 2082 3375; baseline 0 -31"><span class='ocrx_word' id='word_1_145' title='bbox 785 3258 918 3361; x_wconf 86' lang='lat' dir='ltr'>nitur,</span> <span class='ocrx_word' id='word_1_146' title='bbox 949 3241 1130 3368; x_wconf 77' lang='lat' dir='ltr'>siquidem</span> <span class='ocrx_word' id='word_1_147' title='bbox 1162 3258 1208 3340; x_wconf 92' lang='lat' dir='ltr'>ad</span> <span class='ocrx_word' id='word_1_148' title='bbox 1239 3257 1463 3342; x_wconf 84' lang='lat' dir='ltr'>methodos</span> <span class='ocrx_word' id='word_1_149' title='bbox 1457 3259 1558 3342; x_wconf 89' lang='lat' dir='ltr'>eius</span> <span class='ocrx_word' id='word_1_150' title='bbox 1587 3255 1879 3366; x_wconf 76' lang='lat' dir='ltr'>respiciamue2.</span> <span class='ocrx_word' id='word_1_151' title='bbox 1911 3285 2082 3375; x_wconf 68' lang='lat' dir='ltr'>quarumt</span> 
     </span>
     <span class='ocr_line' id='line_1_22' title="bbox 787 3386 2082 3503; baseline 0 -33"><span class='ocrx_word' id='word_1_152' title='bbox 787 3386 887 3503; x_wconf 83' lang='lat' dir='ltr'>aliae</span> <span class='ocrx_word' id='word_1_153' title='bbox 914 3391 980 3470; x_wconf 86' lang='lat' dir='ltr'>ita</span> <span class='ocrx_word' id='word_1_154' title='bbox 1001 3391 1081 3468; x_wconf 91' lang='lat' dir='ltr'>lunt</span> <span class='ocrx_word' id='word_1_155' title='bbox 1112 3407 1384 3496; x_wconf 85' lang='lat' dir='ltr'>comparatae,</span> <span class='ocrx_word' id='word_1_156' title='bbox 1416 3407 1473 3468; x_wconf 84' lang='grc' dir='ltr'>ιι</span> <span class='ocrx_word' id='word_1_157' title='bbox 1491 3411 1642 3470; x_wconf 91' lang='lat' dir='ltr'>omnes</span> <span class='ocrx_word' id='word_1_158' title='bbox 1657 3390 1839 3489; x_wconf 83' lang='grc' dir='ltr'><strong>οιιιιιιιιο</strong></span> <span class='ocrx_word' id='word_1_159' title='bbox 1856 3387 2082 3496; x_wconf 83' lang='lat' dir='ltr'>solutiones,</span> 
     </span>
     <span class='ocr_line' id='line_1_23' title="bbox 786 3511 2189 3628; baseline 0 -30"><span class='ocrx_word' id='word_1_160' title='bbox 786 3539 887 3624; x_wconf 89' lang='lat' dir='ltr'>quae</span> <span class='ocrx_word' id='word_1_161' title='bbox 920 3517 1151 3624; x_wconf 88' lang='lat' dir='ltr'>problemati</span> <span class='ocrx_word' id='word_1_162' title='bbox 1186 3512 1389 3598; x_wconf 85' lang='lat' dir='ltr'>satisfacere</span> <span class='ocrx_word' id='word_1_163' title='bbox 1421 3518 1618 3624; x_wconf 80' lang='lat' dir='ltr'>polluat,</span> <span class='ocrx_word' id='word_1_164' title='bbox 1651 3511 1900 3625; x_wconf 87' lang='lat' dir='ltr'>suppeditare</span> <span class='ocrx_word' id='word_1_165' title='bbox 1922 3537 2086 3628; x_wconf 82' lang='lat' dir='ltr'>queant,</span> <span class='ocrx_word' id='word_1_166' title='bbox 2188 3537 2189 3559; x_wconf 40' lang='grc' dir='ltr'>ι</span> 
     </span>
    </p>

    <p class='ocr_par' dir='ltr' id='par_1_9' title="bbox 789 3621 2188 3760">
     <span class='ocr_line' id='line_1_24' title="bbox 789 3641 2084 3760; baseline 0 -34"><span class='ocrx_word' id='word_1_167' title='bbox 789 3645 893 3729; x_wconf 87' lang='lat' dir='ltr'>aliae·</span> <span class='ocrx_word' id='word_1_168' title='bbox 915 3641 1244 3760; x_wconf 81' lang='lat' dir='ltr'>aero-nonnullas</span> <span class='ocrx_word' id='word_1_169' title='bbox 1282 3661 1440 3724; x_wconf 89' lang='lat' dir='ltr'>tantum</span> <span class='ocrx_word' id='word_1_170' title='bbox 1476 3641 1977 3752; x_wconf 53' lang='lat' dir='ltr'>solutiones:,praebeaut-„</span> <span class='ocrx_word' id='word_1_171' title='bbox 2009 3643 2084 3730; x_wconf 78' lang='lat' dir='ltr'>rel·</span> 
     </span>
    </p>

    <p class='ocr_par' dir='ltr' id='par_1_10' title="bbox 790 3768 2186 3884">
     <span class='ocr_line' id='line_1_25' title="bbox 790 3768 2186 3884; baseline -0.009 -31"><span class='ocrx_word' id='word_1_172' title='bbox 790 3768 941 3884; x_wconf 84' lang='lat' dir='ltr'>etiamst</span> <span class='ocrx_word' id='word_1_173' title='bbox 969 3793 1102 3851; x_wconf 90' lang='lat' dir='ltr'>earum</span> <span class='ocrx_word' id='word_1_174' title='bbox 1135 3793 1312 3854; x_wconf 87' lang='lat' dir='ltr'>numerus</span> <span class='ocrx_word' id='word_1_175' title='bbox 1341 3771 1381 3860; x_wconf 84' lang='lat' dir='ltr'>in</span> <span class='ocrx_word' id='word_1_176' title='bbox 1411 3768 1913 3883; x_wconf 74' lang='lat' dir='ltr'>infinitumzaugeripoffit,</span> <span class='ocrx_word' id='word_1_177' title='bbox 1938 3790 2086 3859; x_wconf 59' lang='lat' dir='ltr'>tament</span> <span class='ocrx_word' id='word_1_178' title='bbox 2185 3801 2186 3857; x_wconf 69' lang='grc' dir='ltr'>ι</span> 
     </span>
    </p>

    <p class='ocr_par' dir='ltr' id='par_1_11' title="bbox 777 3885 2185 4055">
     <span class='ocr_line' id='line_1_26' title="bbox 777 3887 2086 4013; baseline 0.001 -31"><span class='ocrx_word' id='word_1_179' title='bbox 777 3899 844 3998; x_wconf 65' lang='grc' dir='ltr'><strong>,ιιι</strong></span> <span class='ocrx_word' id='word_1_180' title='bbox 862 3898 908 3980; x_wconf 89' lang='lat' dir='ltr'>iis</span> <span class='ocrx_word' id='word_1_181' title='bbox 937 3896 1230 3988; x_wconf 86' lang='lat' dir='ltr'>innumerabiles</span> <span class='ocrx_word' id='word_1_182' title='bbox 1258 3896 1386 4007; x_wconf 83' lang='lat' dir='ltr'>aliae,</span> <span class='ocrx_word' id='word_1_183' title='bbox 1417 3921 1526 4010; x_wconf 83' lang='lat' dir='ltr'>quae.</span> <span class='ocrx_word' id='word_1_184' title='bbox 1543 3921 1673 4013; x_wconf 79' lang='lat' dir='ltr'>aeque.</span> <span class='ocrx_word' id='word_1_185' title='bbox 1689 3887 1958 4012; x_wconf 75' lang='lat' dir='ltr'>satisfaciunt„</span> <span class='ocrx_word' id='word_1_186' title='bbox 1992 3925 2086 3984; x_wconf 78' lang='lat' dir='ltr'>nour</span> 
     </span>
    </p>

    <p class='ocr_par' dir='ltr' id='par_1_12' title="bbox 790 4045 1086 4117">
     <span class='ocr_line' id='line_1_27' title="bbox 790 4045 1086 4117; baseline -0.017 -8"><span class='ocrx_word' id='word_1_187' title='bbox 790 4045 1086 4117; x_wconf 69' lang='lat' dir='ltr'>commeantum.</span> 
     </span>
    </p>
   </div>
   <div class='ocr_carea' id='block_1_4' title="bbox 710 4145 2091 4592">
    <p class='ocr_par' dir='ltr' id='par_1_13' title="bbox 710 4145 2091 4592">
     <span class='ocr_line' id='line_1_28' title="bbox 710 4145 2091 4329; baseline 0.007 -34"><span class='ocrx_word' id='word_1_188' title='bbox 710 4324 713 4329; x_wconf 7' lang='grc' dir='ltr'><em>φ</em></span> <span class='ocrx_word' id='word_1_189' title='bbox 943 4209 1271 4322; x_wconf 79' lang='grc' dir='ltr'><strong>3;.Ειίιιιιρ1ιιιιι</strong></span> <span class='ocrx_word' id='word_1_190' title='bbox 1289 4211 1561 4322; x_wconf 81' lang='lat' dir='ltr'>problematis,</span> <span class='ocrx_word' id='word_1_191' title='bbox 1572 4214 1706 4312; x_wconf 76' lang='lat' dir='ltr'>cuius</span> <span class='ocrx_word' id='word_1_192' title='bbox 1722 4145 1878 4301; x_wconf 67' lang='lat' dir='ltr'>solutio</span> <span class='ocrx_word' id='word_1_193' title='bbox 1891 4221 2091 4329; x_wconf 56' lang='lat' dir='ltr'>generabo</span> 
     </span>
     <span class='ocr_line' id='line_1_29' title="bbox 789 4333 2089 4486; baseline 0.012 -67"><span class='ocrx_word' id='word_1_194' title='bbox 789 4333 965 4419; x_wconf 70' lang='lat' dir='ltr'>exbiberi</span> <span class='ocrx_word' id='word_1_195' title='bbox 997 4337 1166 4486; x_wconf 79' lang='lat' dir='ltr'>potell,</span> <span class='ocrx_word' id='word_1_196' title='bbox 1183 4343 1352 4450; x_wconf 89' lang='lat' dir='ltr'>praebet</span> <span class='ocrx_word' id='word_1_197' title='bbox 1370 4344 1553 4453; x_wconf 85' lang='lat' dir='ltr'>quaellio</span> <span class='ocrx_word' id='word_1_198' title='bbox 1564 4346 1765 4454; x_wconf 83' lang='lat' dir='ltr'>vulgata,</span> <span class='ocrx_word' id='word_1_199' title='bbox 1780 4373 1866 4458; x_wconf 87' lang='lat' dir='ltr'>qua</span> <span class='ocrx_word' id='word_1_200' title='bbox 1882 4371 2089 4458; x_wconf 85' lang='lat' dir='ltr'>quaerun-</span> 
     </span>
     <span class='ocr_line' id='line_1_30' title="bbox 792 4463 2089 4592; baseline 0.009 -42"><span class='ocrx_word' id='word_1_201' title='bbox 792 4477 870 4550; x_wconf 83' lang='lat' dir='ltr'>tun</span> <span class='ocrx_word' id='word_1_202' title='bbox 882 4463 975 4551; x_wconf 91' lang='lat' dir='ltr'>duo</span> <span class='ocrx_word' id='word_1_203' title='bbox 988 4468 1152 4552; x_wconf 89' lang='lat' dir='ltr'>numeri</span> <span class='ocrx_word' id='word_1_204' title='bbox 1168 4468 1389 4582; x_wconf 86' lang='lat' dir='ltr'>quadrati,</span> <span class='ocrx_word' id='word_1_205' title='bbox 1415 4495 1597 4586; x_wconf 81' lang='lat' dir='ltr'>quorum</span> <span class='ocrx_word' id='word_1_206' title='bbox 1613 4473 1791 4562; x_wconf 79' lang='lat' dir='ltr'>sumnia</span> <span class='ocrx_word' id='word_1_207' title='bbox 1823 4475 1887 4564; x_wconf 80' lang='lat' dir='ltr'>litt</span> <span class='ocrx_word' id='word_1_208' title='bbox 1875 4481 2089 4592; x_wconf 72' lang='lat' dir='ltr'>quadra·-</span> 
     </span>
    </p>
   </div>
   <div class='ocr_carea' id='block_1_5' title="bbox 1954 4623 2093 4731">
    <p class='ocr_par' dir='ltr' id='par_1_14' title="bbox 1954 4623 2093 4731">
     <span class='ocr_line' id='line_1_31' title="bbox 1954 4623 2093 4731; baseline 0.014 -41"><span class='ocrx_word' id='word_1_209' title='bbox 1954 4623 2093 4731; x_wconf 87' lang='lat' dir='ltr'>rum„</span> 
     </span>
    </p>
   </div>
   <div class='ocr_carea' id='block_1_6' title="bbox 0 0 2251 5924">
    <p class='ocr_par' dir='ltr' id='par_1_15' title="bbox 0 0 2251 5924">
     <span class='ocr_line' id='line_1_32' title="bbox 0 0 2251 5924; baseline 0 0"><span class='ocrx_word' id='word_1_210' title='bbox 0 0 2251 5924; x_wconf 95' lang='lat' dir='ltr'> </span> 
     </span>
    </p>
   </div>
  </div>
 </body>
</html>
