4459 5925
207 419 292 506 οε
312 413 486 509 Muta
505 413 929 508 maaacttuua
943 388 1144 543 ,tutat
1162 409 1446 521 atteiam

331 673 374 747 4.
407 642 447 728 Si
475 643 580 728 enim
614 645 739 752 vites,
786 643 921 756 ‘quibua
950 670 1046 755 aqua
1075 642 1166 729 adiu
1203 644 1254 729 ad
1300 666 1455 743 motum

174 773 423 876 sollicitatur,
470 772 590 855 littera
623 772 654 854 P
688 770 1026 881 completiamut,
1075 775 1174 855 uitet
1226 788 1357 870 autum
1406 774 1457 858 ad

176 927 260 984 etus
288 901 633 990 conseruationem,
647 899 838 1009 requisitas
885 898 1007 983 littera
1058 901 1132 1015 Q:
1182 901 1280 984 vites
1328 917 1456 1010 autem

178 1029 386 1112 readionis
414 1029 540 1110 littera
571 1028 610 1115 R
640 1028 877 1112 iuditentut:
926 1029 1111 1135 quoniam
1142 1029 1252 1112 tubus
1289 1027 1372 1137 pati
1416 1027 1458 1112 ti

179 1157 221 1238 in
258 1178 415 1264 aquam·
440 1157 599 1263 teagit3
655 1180 754 1265 aqua
799 1152 889 1236 hiuc
922 1154 1178 1236 sollicitabitut
1206 1156 1249 1238 ti
1268 1158 1458 1262 :-tt,

177 1283 303 1393 sicque
334 1277 499 1362 omniuo
530 1281 576 1365 ad
610 1302 779 1384 motum,
809 1301 892 1366 tam
908 1281 1146 1370 eminutus,
1175 1307 1290 1394 quatu
1305 1284 1356 1368 ab
1375 1281 1457 1394 ipso

174 1413 274 1495 tubo
301 1407 522 1518 impelletur
555 1409 597 1491 vi
616 1409 819 1496 :P-R·
1218 1509 1222 1518 .

331 1559 375 1635 5.
407 1535 511 1619 llaec
538 1559 633 1643 ergo
664 1537 722 1618 via
752 1531 878 1620 P-R
910 1534 1076 1645 aequalis
1114 1533 1160 1620 lit
1206 1529 1353 1621 uecelse
1399 1531 1457 1622 est

174 1665 253 1775 ipfi
283 1666 324 1746 vi
353 1663 425 1778 Q,
456 1683 548 1770 quae
584 1663 633 1743 ad
680 1680 810 1742 motus
858 1659 957 1742 insiti
1006 1663 1334 1746 conseruationem
1387 1672 1457 1770 pet

171 1791 366 1904 principia
397 1787 620 1873 mechanica
651 1787 857 1893 requiritur.
957 1785 1070 1869 Vnde
1110 1812 1199 1871 cum
1249 1786 1456 1872 habeamus

124 1913 128 1918 ⁷
172 1917 451 2030 P-R:Q‚
482 1914 739 1997 obtinebimus
771 1910 1026 2027 uzu-Q
1056 1912 1180 2024 licque
1210 1918 1267 2000 uis
1297 1914 1458 1998 readlio·

119 2055 122 2060 ’
168 2047 235 2128 uis
267 2047 482 2155 aequabitur
512 2042 653 2155 titilius
682 2067 819 2149 aquam
850 2041 946 2124 adiu·
970 2043 1200 2122 extrinsecus
1249 2043 1456 2152 impellen·
1487 2134 1493 2152 .

170 2175 293 2278 tibus,
323 2174 465 2255 demtis
510 2168 601 2251 inde
654 2169 797 2251 vitibus
842 2170 891 2252 ad
939 2186 1066 2253 motus
1119 2169 1453 2254 consemationem

155 2299 372 2413 tequisatis.
640 2307 645 2317 '

320 2431 364 2507 6.
399 2421 587 2530 Principio
618 2417 728 2526 hoc,
785 2422 845 2504 cui
877 2418 1009 2505 omnis
1039 2419 1236 2506 teadiionis
1266 2419 1324 2506 tis
1356 2420 1460 2508 inni-t

151 2555 299 2654 titur,
327 2548 526 2638 llatltilitu,
569 2547 892 2651 inuestigatiouem
927 2547 1044 2628 orditi
1075 2553 1283 2633 conueniet
1312 2538 1365 2633 ab,
1394 2557 1455 2636 itt·

150 2678 378 2784 dagatioue
399 2677 535 2755 vitium
567 2675 625 2787 Q
656 2698 747 2782 quau
776 2676 820 2754 ad
852 2667 1172 2756 conseruationem
1203 2675 1282 2758 eius
1311 2673 1485 2782 ttiotua,·

150 2830 292 2915 quem
325 2805 362 2881 iu
393 2826 486 2910 aqua
516 2805 633 2882 inelle
664 2797 908 2897 affulitanus,
944 2799 1144 2882 secuudum
1164 2802 1349 2910 principia
1367 2827 1454 2885 me-

150 2934 333 3016 chanica
363 2931 620 3037 requiruntur:
657 2927 740 3007 iude
760 2925 905 3031 scilicet,
937 2929 1041 3040 quud
1071 2931 1451 3013 omniamotuamu·

150 3064 267 3145 tatio
303 3078 445 3138 tertam
477 3056 615 3135 vitium
652 3053 844 3139 altionem
878 3057 1015 3160 exigit.

68 3184 74 3195 ’
326 3203 371 3283 7.
405 3182 518 3297 Quod
554 3184 667 3289 igitur
699 3180 828 3287 primo
867 3182 914 3263 ad
967 3202 1120 3264 mutum
1154 3182 1232 3266 tubi
1278 3188 1450 3293 attinet,

154 3313 383 3425 ponamus,
416 3306 541 3416 elapso
590 3318 668 3389 tam
717 3333 737 3389 a
790 3330 921 3390 mutus
970 3311 1086 3390 initio
1114 3330 1295 3419 tempore
1330 3328 1449 3421 zi,

147 3444 408 3524 celeritatem
441 3434 582 3518 orificil
617 3435 669 3535 F,
702 3459 774 3541 qua
817 3434 913 3518 circu
964 3458 1078 3517 axem
1131 3432 1216 3519 AC
1267 3461 1450 3547 gyratur,

151 3569 345 3650 debitam
377 3565 448 3645 else
480 3561 665 3643 altitudini
700 3584 806 3663 zu,
838 3564 890 3644 ita
924 3582 968 3641 vt
997 3588 1022 3644 u
1052 3562 1095 3643 lit
1142 3560 1287 3647 fitue‘iio
1335 3588 1450 3671 quae·

148 3720 322 3805 cunque
358 3694 545 3800 temporis
578 3692 664 3782 iam,
690 3688 802 3795 elapsa
833 3701 866 3768 t:
903 3692 1003 3770 vnde
1033 3688 1060 3770 fi
1093 3686 1264 3773 distantia
1307 3692 1449 3775 orificii

148 3842 201 3922 ab
233 3862 329 3921 axe
364 3830 398 3915 C
406 3836 436 3918 F
469 3852 628 3942 ponatur
656 3831 768 3939 :b,
798 3830 995 3945 exprimet
1020 3807 1072 3938 '³5³⁸
1101 3832 1339 3920 celetitatem
1371 3862 1448 3949 gy·

143 3970 356 4056 tatoriam
384 3962 465 4043 tubi
509 4024 512 4027 >

311 4098 356 4171 8.
395 4088 542 4171 Deinde
571 4086 612 4170 fit
653 4114 681 4171 u
728 4088 888 4173 altitudo
937 4086 1064 4171 debita
1109 4084 1329 4197 celeritati,
1375 4116 1450 4203 qut

140 4249 250 4327 aqua
289 4242 403 4301 nuuc
434 4217 587 4325 quidem
619 4238 670 4296 ex
696 4218 849 4299 orificio
886 4216 918 4301 F
964 4214 1104 4299 effluit.-
1198 4216 1273 4301 Hic
1320 4240 1445 4304 autem

144 4343 234 4436 Vv
271 4368 535 4430 nonacrim
572 4365 687 4446 aquae
733 4346 967 4429 celeritatem
1017 4343 1214 4454 designat,
1261 4346 1321 4429 sed
1370 4346 1447 4427 eiua
1495 4411 1513 4435 χ

213 4477 260 4559 Τ
262 4466 692 4560 omittundum.
850 4491 852 4494 ·
948 4472 1044 4557 Rt‘
1345 4472 1446 4555 eele-
