4459 5925
490 658 494 665 ,
571 494 731 663 Ἠ·
753 460 778 648 Ι(
808 568 839 627 0
868 548 888 655 l
918 532 1060 667 lidii
1257 597 1263 605 ·
1413 576 1467 657 aa

460 919 659 1115 Seclot
722 768 1197 1093 Cazadioptricm.

393 1322 396 1329 Α
695 1188 960 1321 Auctore

326 1423 452 1551 10h.·
493 1422 679 1557 Andr.
717 1420 793 1545 de
833 1423 1052 1595 Segnet
1089 1472 1148 1598 p
1191 1474 1369 1605 399

283 1742 421 1833 xqtto
449 1714 513 1819 lll.
548 1708 736 1832 Stgaerus
768 1718 1004 1809 Academiae
1033 1722 1184 1811 nolirae
1213 1747 1362 1812 nomen
1394 1724 1467 1812 de·

311 1848 397 1942 dit,
444 1848 586 1933 merito
632 1850 863 1959 gratulamur
892 1844 1196 1937 Commentariis
1230 1852 1401 1957 nolitia,
1439 1855 1466 1940 a'

176 1988 269 2061 tan
270 1998 283 2057 ι
316 1976 388 2061 viti
416 1974 588 2061 claritate
618 1974 773 2085 hudo,
800 1975 848 2061 ab
879 1978 1055 2065 acumine
1082 1997 1214 2065 autem
1244 1980 1326 2063 eiua
1353 1997 1394 2063 ct
1422 1978 1465 2065 ln

181 2099 337 2211 publica
385 2102 601 2189 commoda
640 2100 811 2217 pentigill
857 2103 1052 2213 diligentia
1102 2105 1292 2192 bonarum
1320 2103 1463 2194 artium

176 2226 435 2317 incrementa.
514 2229 750 2343 ,Descriptio
781 2226 952 2317 Sedoria
989 2226 1299 2343 Catadiopttici,
1345 2254 1463 2343 qtnm

176 2349 263 2438 hic.
280 2358 447 2451 damus,
478 2360 614 2446 ordine
646 2361 771 2468 prima
802 2359 849 2442 ab
881 2359 963 2468 ipso
995 2384 1087 2447 cum
1121 2358 1337 2443 Academia
1352 2378 1464 2441 ccam·

174 2482 382 2565 muniente
407 2484 621 2569 lucubratio
651 2484 723 2563 eil.
784 2482 906 2563 Surum
935 2483 1091 2585 quidem
1124 2508 1205 2563 non
1220 2484 1333 2588 dicit,
1357 2482 1463 2591 quod

172 2600 253 2713 tuq
283 2600 458 2683 describit
488 2600 810 2705 instrumentum,
856 2598 1120 2683 coutradtioue
1167 2620 1298 2684 tumen
1348 2603 1466 2691 mollr

157 2718 275 2811 ,illud
306 2746 359 2812 eo
390 2724 564 2835 redegit,
618 2740 665 2805 ut
697 2724 764 2807 uix
793 2722 1043 2807 commodius
1073 2724 1228 2835 aliquod
1258 2727 1461 2836 cognitum

176 2852 261 2957 stt,
310 2851 360 2937 ad
402 2848 632 2964 peragendas
664 2850 785 2935 varim
815 2850 1088 2960 operationes,
1136 2874 1232 2960 quae
1263 2853 1460 2943 aliusnon

175 2979 264 3072 stne
294 2977 434 3070 labore
455 3002 501 3064 ac
532 2975 761 3064 difficultate
788 2975 1047 3088 perficiuntur.
1143 2975 1460 3091 Dautiptiouem

177 3103 424 3196 instrumenti
454 3103 518 3190 hic
549 3127 629 3188 non
657 3101 871 3216 iascipimus
885 3167 903 3218 ‚
942 3103 1060 3214 quia,
1113 3104 1184 3190 nifi
1214 3104 1263 3189 ad
1292 3105 1462 3196 delinea-

177 3238 305 3319 tiones
334 3253 525 3318 accurrere
554 3228 720 3316 uelimus
737 3295 761 3339 ,,
800 3230 873 3316 uix
886 3228 1145 3342 ¹intelligibilia
1173 3223 1286 3320 soret.
1380 3234 1459 3322 Hic

177 3358 307 3446 solum
371 3376 642 3464 annotamus,
717 3377 851 3467 gerere
900 3355 1004 3441 hunc
1066 3357 1253 3444 letiorem
1322 3381 1456 3448 arcum

177 3487 348 3590 circuli,¹
396 3509 478 3570 nou
525 3483 593 3570 nisu
640 3481 814 3570 decimae
867 3485 996 3567 sextae
1047 3484 1148 3592 parti
1177 3483 1297 3568 totius
1327 3486 1459 3572 cicun

179 3611 424 3726 peripheriae
454 3611 687 3722 aequalem,
737 3632 814 3718 quo
845 3631 924 3692 uon
955 3605 1122 3692 obllante
1154 3611 1293 3694 omner
1327 3611 1459 3722 auguli
1529 3714 1533 3721 ι

178 3741 263 3824 eiua
312 3761 391 3848 ope
439 3736 607 3824 dimetiri
648 3735 809 3844 poliunt.
909 3734 1074 3820 Perutilis
1119 3733 1193 3818 crit
1241 3732 1362 3822 festor
1389 3738 1456 3824 hic

179 3861 491 3974 Catadioptticue
530 3861 872 3974 peregrinatotibus
922 3859 1113 3962 eruditis,
1146 3879 1194 3944 vc
1222 3861 1456 3949 instrumen-

176 4010 226 4078 to
259 3991 352 4094 laoc,
367 3991 470 4102 quod
500 3991 637 4100 absque
670 3987 990 4072 incommoditate
1020 3983 1142 4068 secum
1177 4008 1331 4096 portate
1364 4013 1455 4112 poa·

177 4117 294 4224 liant,
344 4117 561 4220 admodum
607 4114 789 4224 expedite
839 4111 1045 4223 pofitiouea
1077 4112 1253 4200 locorum
1285 4136 1340 4200 cx
1368 4095 1455 4215 lon·

177 4247 331 4394 ginquo
376 4247 697 4356 conspicuum,
746 4239 1098 4350 capiant,s1cque
1147 4241 1453 4352 geographicam

175 4372 350 4488 regionis
381 4369 536 4492 titulata
563 4367 851 4480 descriptionem
865 4460 869 4468 ,
883 4361 1094 4480 perficiant.
1199 4428 1208 4444 .
1268 4453 1278 4462 ,
1338 4449 1380 4462 ,,

766 4582 851 4680 aa
1212 4548 1452 4669 nursica
1536 4667 1543 4672 ‚
