4459 5925
592 874 1033 1097 unuuouvs

173 1160 820 1287 tuvuumuot
906 1120 1453 1295 mtututtus

201 1349 471 1443 CVRVAS
530 1350 1098 1453 ISOPERIMETRAS
1160 1356 1423 1450 ALIAVE

366 1492 706 1593 couniunt
770 1496 1256 1593 pnoumnnuun

589 1633 1010 1753 ,ennuntiat
1077 1745 1079 1753 ι

713 1901 891 1995 nonore
1052 1984 1057 1989 .

595 2112 647 2211 L·
711 2108 1028 2213 EVLERO.

160 2364 279 2723 Iu
326 2434 469 2523 celebri
496 2434 569 2521 illo
602 2438 846 2545 problemate
874 2374 1179 2550 isopetimettito
1205 2430 1332 2547 quaeri
1346 2433 1457 2546 solet,

284 2570 386 2645 inter
434 2586 573 2647 omnes
620 2561 741 2645 lineus
788 2588 918 2646 cumas
964 2586 1043 2672 vper
1089 2563 1178 2646 duta
1207 2564 1286 2646 duo
1317 2564 1459 2673 puntla

278 2702 513 2771 ‘transeuntes
538 2710 589 2769 ae
620 2682 856 2793 longitudine
880 2688 1053 2800 aquales,
1090 2710 1259 2798 eaquae
1292 2689 1457 2773 maximi

161 2812 377 2901 minimiue
401 2816 601 2901 euiusdam
650 2816 883 2925 proprietate
933 2816 1108 2925 gaudeat.
1207 2813 1297 2899 Hoc
1343 2816 1459 2925 igine

159 2940 373 3054 problema
416 2943 588 3028 innititur
637 2941 697 3026 isti
745 2940 983 3053 hypothesi,
1032 2940 1154 3054 quod·
1183 2940 1282 3026 dutin
1310 2942 1461 3030 duobus

159 3069 323 3186 punitis
354 3067 525 3156 infinitae
553 3069 716 3154 existant
747 3071 871 3155 lineae
901 3095 1037 3159 cumae
1068 3070 1304 3179 longitudine
1320 3093 1460 3180 aequa-

8 3266 9 3278 t
159 3199 255 3305 les,
305 3223 403 3308 quae
434 3224 568 3286 omnes
587 3200 699 3286 intra
730 3197 827 3282 haec
860 3199 1004 3310 penna
1040 3220 1221 3307 tanquam
1272 3200 1459 3284 terminos

161 3327 457 3416 contineantur.
537 3329 764 3444 ,Quanquam
815 3348 942 3414 autem
994 3325 1140 3412 nullutn
1180 3323 1234 3412 est
1266 3327 1460 3436 dubium,

160 3457 264 3564 quin
297 3478 369 3565 per
400 3457 488 3547 dan
519 3455 618 3545 duo.
640 3437 789 3570 puncta
841 3453 1131 3544 innumerabiles
1176 3452 1265 3536 duci
1315 3471 1460 3569 queant
1626 3449 1655 3527 ss

162 3583 298 3667 lineae
346 3610 513 3694 cumae,
561 3607 657 3694 quae
708 3607 844 3668 omues
880 3581 1161 3690 longitudinem
1195 3577 1359 3665 eandem
1390 3579 1459 3666 ha·
1623 3596 1627 3600 ’

159 3711 316 3818 beant,
363 3730 495 3797 tamen
534 3711 562 3794 st
602 3709 741 3796 omues
781 3711 869 3796 ilbe
901 3731 1037 3796 toruae
1070 3705 1250 3792 exhiberi
1282 3708 1461 3817 debeant,

163 3841 232 3922 uel
269 3843 448 3952 aequatio
478 3835 660 3954 generalis
689 3835 917 3924 'desideretur
945 3863 1009 3924 eas
1029 3860 1166 3922 omnes
1183 3836 1460 3945 complectens,

162 3968 344 4076 quaestio
374 3985 455 4052 uon·
486 3983 621 4079 parum
654 3967 769 4052 ardua
802 3967 967 4053 uidetur.
1063 3969 1195 4075 Atque
1224 3965 1253 4050 sa
1284 3969 1332 4048 ad
1364 3961 1461 4048 solu·

165 4099 322 4180 tionem
355 4096 609 4205 problematis
638 4093 925 4204 isopetimetrici
973 4093 1015 4178 id
1063 4117 1165 4206 opus
1213 4089 1365 4196 millet,
1414 4109 1462 4178 vt

168 4245 318 4307 omnes
349 4249 485 4309 cumae
518 4222 801 4333 isuperlmetrae
835 4225 929 4308 iutra
977 4222 1084 4307 datos
1133 4222 1324 4308 terminos
1368 4243 1467 4304 ton·

168 4367 306 4436 tentae
338 4352 628 4462 exhiberentur,
678 4369 719 4436 et
749 4354 796 4437 ad
826 4351 1057 4462 eleliionem
1089 4349 1256 4435 maximi
1288 4345 1464 4435 minimi·

926 4483 1023 4570 Aa
1405 4497 1458 4559 ue
