4459 5925
787 562 882 661 με
1055 478 1808 639 taurinae-raro
1878 486 1882 495 ’

783 774 988 991 guaimari
1038 774 1299 864 declinationis
1350 776 1514 865 noeais
1558 777 1601 862 a
1646 795 1775 891 prope
1823 736 1951 863 num
1980 762 2052 893 ib

836 925 979 993 θῐθῦῑθ.
1472 928 1482 942 “

923 1150 1038 1239 Coeli
1085 1170 1230 1239 autem·
1267 1148 1509 1236 serenitatem
1558 1146 1598 1231 in
1646 1145 1708 1231 his
1748 1144 2052 1241 obseruationibus

783 1279 816 1366 fi
843 1281 1010 1391 speeies,
1051 1280 1177 1392 prima
1226 1280 1438 1365 obieruatio
1471 1278 1636 1362 instituta
1664 1276 1716 1359 eii
1746 1274 1858 1359 Luna
1877 1278 2051 1390 Petropoii

784 1411 977 1518 nonnula,
1033 1409 1072 1493 in
1115 1408 1394 1495 Promontorio
1432 1407 1605 1517 undosa3
1641 1406 1679 1487 in
1711 1404 1865 1489 seranda
1896 1406 2050 1491 obina-

782 1540 893 1620 tione
942 1536 1254 1645 correspondenti
1294 1535 1406 1621 Luna
1445 1537 1485 1617 in
1516 1532 1792 1619 Promontorio
1815 1529 1958 1621 Bonae
1985 1536 2047 1645 spei

783 1688 919 1774 parurn
951 1654 1152 1749 uidebatur
1183 1664 1361 1771 undosa,
1408 1682 1450 1747 et
1486 1660 1683 1773 Petropoii
1724 1660 1851 1744 minus
1882 1662 2047 1770 tremuli,

786 1816 904 1901 quam
938 1794 978 1873 in
1008 1790 1266 1875 obsettntione
1304 1790 1570 1903 praecedenti,
1624 1788 1791 1896 quamuis
1824 1812 1904 1871 non
1954 1791 2046 1872 otnni

784 1918 1047 2025 trepidatione
1078 1916 1289 2024 destituta,
1335 1935 1380 1997 ut
1429 1917 1509 1997 sere
1560 1913 1608 1997 fir
1657 1918 1697 1999 in
1728 1915 1855 1998 nostra
1886 1918 2046 2024 regione,

786 2041 918 2128 mense
963 2048 1168 2153 praecipue
1218 2062 1258 2127 et
1311 2037 1525 2125 Decembri
1582 2062 1621 2124 et
1659 2041 1847 2127 Ianuario.
1931 2043 2045 2127 Tertia

705 2183 708 2187 ‘
784 2168 948 2280 denique
995 2170 1209 2256 obstinatio
1253 2171 1294 2255 d.
1328 2177 1364 2273 ἐξ
1397 2168 1591 2253 Februarii
1632 2172 1959 2279 appropinquante
1986 2194 2043 2252 ue·

787 2318 830 2379 re
895 2297 1052 2406 abique.
1091 2296 1172 2381 ulia
1240 2299 1447 2405 agitatione
1499 2292 1712 2379 limbornm
1764 2298 1891 2380 Lunae
1933 2297 2048 2381 Petro-

786 2422 868 2532 poti
908 2422 1094 2532 peraeta,
1148 2425 1193 2507 in
1226 2422 1501 2509 Promontorio
1546 2418 1678 2507 Bonae
1709 2423 1784 2533 spei
1821 2448 1846 2509 e
1877 2425 2054 2515 oonnttio.

783 2548 941 2635 trannin
969 2567 1086 2637 motu
1119 2550 1251 2637 Lunae
1283 2550 1434 2637 undoso
1461 2550 1647 2635 comitata
1676 2548 1758 2635 tuit.

933 2795 1001 2880 Ab
1029 2794 1131 2880 histo
1157 2816 1288 2885 autern
1319 2800 1607 2889 circumstantiis
1634 2800 1862 2909 abstrahens,
1895 2802 1942 2887 ad
1957 2794 2045 2887 aiffa

786 2922 950 3009 rentiam
985 2923 1290 3016 Mennianorum
1314 2930 1598 3042 .Petropolitarii
1631 2934 1873 3018 obteruatorii
1905 2952 1943 3015 et
1970 2930 2044 3016 Pro
2162 2922 2163 2954 ¹

785 3052 976 3134 montorii
1008 3051 1139 3138 Bonae
1173 3055 1249 3166 spei
1281 3059 1562 3166 definiendam,
1595 3063 1726 3170 primo
1757 3087 1825 3146 me
1854 3059 2045 3159 tonitam,
2161 3051 2162 3083 ‘

783 3199 945 3289 eantque
976 3204 1028 3264 ex
1059 3185 1355 3291 comparatione
1386 3185 1616 3290 differentia
1635 3189 1910 3274 ascensionum
1944 3186 2045 3270 retit-
2160 3191 2161 3211 ¹

784 3326 874 3388 tum
925 3305 1058 3390 Lunae
1104 3329 1145 3392 et
1195 3309 1363 3399 fixarum
1409 3316 1591 3400 Paralielo
1626 3317 1758 3402 Lunae
1793 3321 2045 3428 proximariun

783 3430 983 3543 Petropoli
999 3435 1230 3548 obstinatae,
1262 3467 1353 3524 cnm
1372 3442 1447 3545 illa,
1477 3469 1574 3554 quae
1605 3469 1659 3530 ex
1676 3443 2048 3528 obseruationibnain
2158 3429 2159 3469 ³

784 3557 1064 3644 Promontorio
1113 3565 1251 3651 habitis
1280 3569 1376 3672 fluit,
1409 3572 1579 3656 deriuare
1610 3592 1722 3683 arque
1755 3573 1915 3656 stabilire
1949 3570 2046 3656 rona·

785 3684 872 3768 bor.
938 3687 1138 3774 Eiusmodi
1171 3697 1274 3779 eninr
1305 3703 1547 3808 conparatio
1575 3700 1679 3784 inter
1707 3701 1986 3784 obscurationes
2011 3713 2047 3780 et

786 3811 828 3896 d.
862 3810 991 3917 glan.
1021 3837 1061 3900 et
1091 3822 1132 3901 d.
1152 3830 1188 3924 ἐξ
1206 3821 1317 3906 Febr.
1353 3827 1392 3906 in
1426 3845 1582 3937 atraque
1632 3827 1774 3938 specula
1806 3827 2049 3912 astronomica

779 3937 911 4036 facian
944 3944 1067 4026 modo
1095 3945 1262 4058 sequenti
1295 3951 1471 4059 infimata,
1503 3954 1806 4040 Meridianorurn
1829 3955 2050 4059 distantiam,

716 4155 728 4171 „
779 4069 830 4152 tie
864 4095 932 4179 qua
965 4074 1099 4179 agitor,
1131 4099 1303 4164 accurate
1334 4079 1430 4176 setis,
1449 4101 1515 4174 ,nr
1532 4085 1691 4194 opinor,
1727 4107 1805 4198 pro
1835 4083 1967 4170 nossro
1983 4079 2049 4166 sto

779 4217 837 4308 po
866 4197 1083 4285 declarabit.

1838 4504 1842 4513 Ι
1912 4559 2053 4650 Obier-
